[
  {
    "ioId": "50AF58FMJ245",
    "linkIdentifier": "2899053694",
    "text": "Great Value Natural Rainbow Sprinkles, 2.5 oz",
    "href": "/ip/Great-Value-Natural-Rainbow-Sprinkles-2-5-oz/2899053694?classType=REGULAR&athbdg=L1200&from=/search",
    "currentPrice": "current price $1.98",
    "pricePerOz": "79.2 ¢/oz",
    "pickup": "Pickup today",
    "delivery": "Delivery today",
    "shipping": "N/A"
  },
  {
    "ioId": "46LULMLCYC5K",
    "linkIdentifier": "642059820",
    "text": "Great Value Rainbow Sprinkles, 10.5 oz",
    "href": "/ip/Great-Value-Rainbow-Sprinkles-10-5-oz/642059820?classType=REGULAR&from=/search",
    "currentPrice": "current price $3.88",
    "pricePerOz": "37.0 ¢/oz",
    "pickup": "Pickup today",
    "delivery": "Delivery today",
    "shipping": "Shipping, arrives today"
  },
  {
    "ioId": "6X8E246KYDFP",
    "linkIdentifier": "140267850",
    "text": "Great Value Non Pareil Sprinkles, Rainbow, 3.15 oz",
    "href": "/ip/Great-Value-Non-Pareil-Sprinkles-Rainbow-3-15-oz/140267850?classType=VARIANT&from=/search",
    "currentPrice": "current price $2.12",
    "pricePerOz": "66.3 ¢/oz",
    "pickup": "Pickup today",
    "delivery": "Delivery today",
    "shipping": "N/A"
  },
  {
    "ioId": "4QD30CZHBTB5",
    "linkIdentifier": "807395027",
    "text": "Great Value Pink Sparkling Sugar, 3.5 oz.",
    "href": "/ip/Great-Value-Pink-Sparkling-Sugar-3-5-oz/807395027?classType=REGULAR&from=/search",
    "currentPrice": "current price $1.86",
    "pricePerOz": "53.1 ¢/oz",
    "pickup": "Pickup today",
    "delivery": "Delivery today",
    "shipping": "N/A"
  },
  {
    "ioId": "6M56HHOAPPJA",
    "linkIdentifier": "985157551",
    "text": "Great Value Red Sanding Sugar, 3.5 oz",
    "href": "/ip/Great-Value-Red-Sanding-Sugar-3-5-oz/985157551?classType=VARIANT&from=/search",
    "currentPrice": "current price $1.86",
    "pricePerOz": "53.1 ¢/oz",
    "pickup": "Pickup today",
    "delivery": "Delivery today",
    "shipping": "N/A"
  },
  {
    "ioId": "50LE78YNPDCD",
    "linkIdentifier": "407607432",
    "text": "Great Value Rainbow Sprinkles, 9 oz",
    "href": "/ip/Great-Value-Rainbow-Sprinkles-9-oz/407607432?classType=REGULAR&from=/search",
    "currentPrice": "current price $3.34",
    "pricePerOz": "37.1 ¢/oz",
    "pickup": "Pickup today",
    "delivery": "Delivery today",
    "shipping": "N/A"
  },
  {
    "ioId": "7GMJJF56MSTG",
    "linkIdentifier": "518871038",
    "text": "Great Value Decorating Rainbow Sprinkles, 2.7 oz",
    "href": "/ip/Great-Value-Decorating-Rainbow-Sprinkles-2-7-oz/518871038?classType=REGULAR&from=/search",
    "currentPrice": "current price $2.12",
    "pricePerOz": "78.5 ¢/oz",
    "pickup": "Pickup today",
    "delivery": "Delivery today",
    "shipping": "N/A"
  },
  {
    "ioId": "3PYKXKH1WBZU",
    "linkIdentifier": "1017033446",
    "text": "Great Value Rainbow Sprinkles, 26 oz",
    "href": "/ip/Great-Value-Rainbow-Sprinkles-26-oz/1017033446?classType=REGULAR&from=/search",
    "currentPrice": "current price $7.33",
    "pricePerOz": "28.2 ¢/oz",
    "pickup": "Pickup today",
    "delivery": "Delivery today",
    "shipping": "Shipping, arrives today"
  },
  {
    "ioId": "4Y31ZGTDNART",
    "linkIdentifier": "1171981806",
    "text": "Great Value Natural Chocolate Sprinkles, 2.5 oz",
    "href": "/ip/Great-Value-Natural-Chocolate-Sprinkles-2-5-oz/1171981806?classType=REGULAR&from=/search",
    "currentPrice": "current price $1.98",
    "pricePerOz": "79.2 ¢/oz",
    "pickup": "Pickup today",
    "delivery": "Delivery today",
    "shipping": "N/A"
  },
  {
    "ioId": "6XT5MF9HCF3C",
    "linkIdentifier": "342638589",
    "text": "Great Value Decorating Sprinkles, Sequins, 2 oz",
    "href": "/ip/Great-Value-Decorating-Sprinkles-Sequins-2-oz/342638589?classType=REGULAR&from=/search",
    "currentPrice": "current price $2.12",
    "pricePerOz": "$1.06/oz",
    "pickup": "Pickup today",
    "delivery": "Delivery today",
    "shipping": "N/A"
  },
  {
    "ioId": "2O2X40TXOJMB",
    "linkIdentifier": "596105880",
    "text": "Great Value Rainbow NP Sprinkles Tub 10oz",
    "href": "/ip/Great-Value-Rainbow-NP-Sprinkles-Tub-10oz/596105880?classType=REGULAR&from=/search",
    "currentPrice": "current price $3.64",
    "pricePerOz": "36.4 ¢/oz",
    "pickup": "Pickup today",
    "delivery": "Delivery today",
    "shipping": "N/A"
  },
  {
    "ioId": "31ZS30ABFFCX",
    "linkIdentifier": "356633526",
    "text": "Sweetshop White Sprinkle Mix, 2.5oz - Dessert Toppings",
    "href": "/ip/Sweetshop-White-Sprinkle-Mix-2-5oz-Dessert-Toppings/356633526?classType=VARIANT&from=/search",
    "currentPrice": "current price $1.98",
    "pricePerOz": "79.2 ¢/oz",
    "pickup": "Pickup today",
    "delivery": "Delivery today",
    "shipping": "N/A"
  },
  {
    "ioId": "4QKPI8DRP549",
    "linkIdentifier": "779858214",
    "text": "Sweetshop Purple Sprinkle Mix, 2.5oz - Dessert Toppings",
    "href": "/ip/Sweetshop-Purple-Sprinkle-Mix-2-5oz-Dessert-Toppings/779858214?classType=VARIANT&from=/search",
    "currentPrice": "current price $1.98",
    "pricePerOz": "79.2 ¢/oz",
    "pickup": "Pickup today",
    "delivery": "Delivery today",
    "shipping": "N/A"
  },
  {
    "ioId": "6C9UUWQA4EIU",
    "linkIdentifier": "2068183062",
    "text": "Sweetshop Gold Sanding Sugar Sprinkles, 1oz Dessert Toppings",
    "href": "/ip/Sweetshop-Gold-Sanding-Sugar-Sprinkles-1oz-Dessert-Toppings/2068183062?classType=VARIANT&athbdg=L1600&from=/search",
    "currentPrice": "current price $0.98",
    "pricePerOz": "N/A",
    "pickup": "Pickup today",
    "delivery": "Delivery today",
    "shipping": "Shipping, arrives today"
  },
  {
    "ioId": "6SUVH8UXF38K",
    "linkIdentifier": "266692421",
    "text": "Great Value 6-Cell Decorating Sprinkle Mix, Bright Multicolor, 5.9 oz",
    "href": "/ip/Great-Value-6-Cell-Bright-Sprinkles-5-9oz/266692421?classType=REGULAR&from=/search",
    "currentPrice": "current price $4.98",
    "pricePerOz": "84.4 ¢/oz",
    "pickup": "Pickup today",
    "delivery": "Delivery today",
    "shipping": "Shipping, arrives today"
  },
  {
    "ioId": "69K49ZCN7J9D",
    "linkIdentifier": "776528261",
    "text": "Great Value Sprinkles Mix Tub for Desserts, Candies, Jimmies and Pearls, 10.48 oz., Assorted Colors",
    "href": "/ip/Great-Value-Sprinkles-Mix-Tub-for-Desserts-Candies-Jimmies-and-Pearls-10-48-oz-Assorted-Colors/776528261?classType=REGULAR&from=/search",
    "currentPrice": "current price $3.64",
    "pricePerOz": "34.7 ¢/oz",
    "pickup": "Pickup today",
    "delivery": "Delivery today",
    "shipping": "N/A"
  },
  {
    "ioId": "3LUASC2HV95X",
    "linkIdentifier": "207219420",
    "text": "Great Value 6-Cell Gold & Silver Sprinkles Mix, 7 oz",
    "href": "/ip/Great-Value-6-Cell-Gold-Silver-Sugar/207219420?classType=REGULAR&from=/search",
    "currentPrice": "current price $4.98",
    "pricePerOz": "71.1 ¢/oz",
    "pickup": "Pickup today",
    "delivery": "Delivery today",
    "shipping": "Shipping, arrives today"
  },
  {
    "ioId": "3MOM5KQJOU4L",
    "linkIdentifier": "871145317",
    "text": "Great Value Rainbow Stars Sprinkle Mix, 2.6 oz",
    "href": "/ip/Great-Value-Rainbow-Stars-Sprinkle-Mix-2-6-oz/871145317?classType=REGULAR&from=/search",
    "currentPrice": "current price $2.38",
    "pricePerOz": "95.2 ¢/oz",
    "pickup": "Pickup today",
    "delivery": "Delivery today",
    "shipping": "N/A"
  },
  {
    "ioId": "4217PCSU2LH5",
    "linkIdentifier": "980077483",
    "text": "Great Value Chocolate Sprinkles, 10.5 oz",
    "href": "/ip/Great-Value-Chocolate-Sprinkles-10-5-oz/980077483?classType=REGULAR&from=/search",
    "currentPrice": "current price $3.88",
    "pricePerOz": "37.0 ¢/oz",
    "pickup": "Pickup today",
    "delivery": "Delivery today",
    "shipping": "N/A"
  },
  {
    "ioId": "3VJ4AMEC2VGJ",
    "linkIdentifier": "801520326",
    "text": "Great Value Purple Sanding Sugar, 3.5 oz",
    "href": "/ip/Great-Value-Purple-Sanding-Sugar-3-5-oz/801520326?classType=REGULAR&from=/search",
    "currentPrice": "current price $1.86",
    "pricePerOz": "53.1 ¢/oz",
    "pickup": "Pickup today",
    "delivery": "Delivery today",
    "shipping": "N/A"
  },
  {
    "ioId": "2EM33SQ3XD2J",
    "linkIdentifier": "5262667421",
    "text": "Fancy Sprinkles Deluxe Rainbow Crunchy Jimmies, Dessert Sprinkles, 3.8 oz",
    "href": "/ip/Fancy-Sprinkles-Deluxe-Rainbow-Crunchy-Jimmies-Dessert-Sprinkles-3-8-oz/5262667421?classType=REGULAR&from=/search",
    "currentPrice": "current price $4.98",
    "pricePerOz": "$1.31/oz",
    "pickup": "Pickup today",
    "delivery": "Delivery today",
    "shipping": "Shipping, arrives today"
  },
  {
    "ioId": "24D77XUKB9JQ",
    "linkIdentifier": "2731712260",
    "text": "Great Value Metallic Sprinkles Decorating Mix, 10 oz",
    "href": "/ip/Great-Value-Metallic-Sprinkles-Decorating-Mix-10-oz/2731712260?classType=REGULAR&from=/search",
    "currentPrice": "current price $5.23",
    "pricePerOz": "52.3 ¢/oz",
    "pickup": "Pickup today",
    "delivery": "Delivery today",
    "shipping": "Shipping, arrives today"
  },
  {
    "ioId": "3V5VGCV8VKC8",
    "linkIdentifier": "509008587",
    "text": "Great Value White Sparkling Sugar, 3.5 oz.",
    "href": "/ip/Great-Value-White-Sparkling-Sugar-3-5-oz/509008587?classType=REGULAR&from=/search",
    "currentPrice": "current price $1.86",
    "pricePerOz": "53.1 ¢/oz",
    "pickup": "Pickup today",
    "delivery": "Delivery today",
    "shipping": "N/A"
  },
  {
    "ioId": "16NHSK1Q01A1",
    "linkIdentifier": "755624062",
    "text": "Sweetshop Rose Gold Sprinkle Mix, 2.5oz - Dessert Toppings",
    "href": "/ip/Sweetshop-Rose-Gold-Sprinkle-Mix-2-5oz-Dessert-Toppings/755624062?classType=VARIANT&from=/search",
    "currentPrice": "current price $1.98",
    "pricePerOz": "79.2 ¢/oz",
    "pickup": "Pickup today",
    "delivery": "Delivery today",
    "shipping": "N/A"
  },
  {
    "ioId": "3TLZW84WYQIB",
    "linkIdentifier": "349765103",
    "text": "Great Value Blue Sanding Sugar, 3.3 oz",
    "href": "/ip/Great-Value-Blue-Sanding-Sugar-Jar/349765103?classType=VARIANT&from=/search",
    "currentPrice": "current price $1.86",
    "pricePerOz": "53.1 ¢/oz",
    "pickup": "Pickup today",
    "delivery": "Delivery today",
    "shipping": "N/A"
  },
  {
    "ioId": "3ZW5EVAHKG0Y",
    "linkIdentifier": "9382069789",
    "text": "Fancy Sprinkles Unicorn Baking Confetti with Sprinkles and Chocolate Pieces, 8 oz Bag",
    "href": "/ip/Fancy-Sprinkles-Unicorn-Baking-Confetti-and-Sprinkles-Chip-Blend-8oz/9382069789?classType=REGULAR&from=/search",
    "currentPrice": "current price $5.22",
    "pricePerOz": "65.3 ¢/oz",
    "pickup": "Pickup today",
    "delivery": "Delivery today",
    "shipping": "N/A"
  },
  {
    "ioId": "1UDDTWKIHFHK",
    "linkIdentifier": "2736682025",
    "text": "Great Value Patriotic Sprinkles Mix, 2.46 oz",
    "href": "/ip/Great-Value-Patriotic-Sprinkles-Mix-2-46-oz/2736682025?classType=REGULAR&from=/search",
    "currentPrice": "current price $2.12",
    "pricePerOz": "84.8 ¢/oz",
    "pickup": "Pickup today",
    "delivery": "Delivery today",
    "shipping": "N/A"
  },
  {
    "ioId": "3X1ITSKHVFZQ",
    "linkIdentifier": "1116329010",
    "text": "Sweetshop Multicolor T-Rex Sprinkles, 2.5oz Dessert Toppings",
    "href": "/ip/Sweetshop-Multicolor-T-Rex-Sprinkles-2-5oz-Dessert-Toppings/1116329010?classType=VARIANT&from=/search",
    "currentPrice": "current price $2.98",
    "pricePerOz": "$1.19/oz",
    "pickup": "Pickup today",
    "delivery": "Delivery today",
    "shipping": "Shipping, arrives today"
  },
  {
    "ioId": "5YWJVGQ270Q1",
    "linkIdentifier": "735435878",
    "text": "Great Value Multi Sprinkles, 4.2 oz",
    "href": "/ip/Great-Value-Multi-Sprinkles-4-2-oz/735435878?classType=REGULAR&from=/search",
    "currentPrice": "current price $4.64",
    "pricePerOz": "$1.11/oz",
    "pickup": "Pickup today",
    "delivery": "Delivery today",
    "shipping": "N/A"
  },
  {
    "ioId": "0SBU6BKA74SQ",
    "linkIdentifier": "2544091525",
    "text": "Sweetshop Sprinkles Unicorn 2.5 oz Dessert Toppings",
    "href": "/ip/Sweetshop-Sprinkles-Purple-Unicorn-2-5-oz-Dessert-Toppings/2544091525?classType=VARIANT&from=/search",
    "currentPrice": "current price $2.97",
    "pricePerOz": "$1.19/oz",
    "pickup": "Pickup today",
    "delivery": "Delivery today",
    "shipping": "N/A"
  },
  {
    "ioId": "5KFVRNYML7V5",
    "linkIdentifier": "299752953",
    "text": "Sweetshop Light Pink Dust Pump .35oz Dessert Toppings",
    "href": "/ip/Sweetshop-Light-Pink-Dust-Pump-35oz-Dessert-Toppings/299752953?classType=VARIANT&from=/search",
    "currentPrice": "current price $6.98",
    "pricePerOz": "$17.45/oz",
    "pickup": "Pickup today",
    "delivery": "Delivery today",
    "shipping": "Shipping, arrives today"
  },
  {
    "ioId": "30113ZOGHCUH",
    "linkIdentifier": "2763319259",
    "text": "Sweetshop Sanding Sugar White Sprinkles, 1oz Dessert Toppings",
    "href": "/ip/Sweetshop-Sanding-Sugar-White-Sprinkles-1oz-Dessert-Toppings/2763319259?classType=VARIANT&from=/search",
    "currentPrice": "current price $0.98",
    "pricePerOz": "N/A",
    "pickup": "Pickup today",
    "delivery": "Delivery today",
    "shipping": "Shipping, arrives today"
  },
  {
    "ioId": "5KYERMVELO3O",
    "linkIdentifier": "998929275",
    "text": "Great Value 4 in 1 Decorating Sugar, Pastel, 7oz - Dessert Toppings",
    "href": "/ip/Great-Value-4-in-1-Decorating-Sugar-Pastel-7oz-Dessert-Toppings/998929275?classType=REGULAR&from=/search",
    "currentPrice": "current price $3.82",
    "pricePerOz": "54.6 ¢/oz",
    "pickup": "Pickup today",
    "delivery": "Delivery today",
    "shipping": "N/A"
  },
  {
    "ioId": "2Z8OUTO2WBLF",
    "linkIdentifier": "1345641605",
    "text": "Sweetshop Safari Green Sprinkles - 2.5oz Dessert Toppings",
    "href": "/ip/Sweetshop-Safari-Green-Sprinkles-2-5oz-Dessert-Toppings/1345641605?classType=VARIANT&from=/search",
    "currentPrice": "current price $2.98",
    "pricePerOz": "$1.19/oz",
    "pickup": "Pickup today",
    "delivery": "Delivery today",
    "shipping": "Shipping, arrives today"
  },
  {
    "ioId": "1K8T8DYEXPMD",
    "linkIdentifier": "5265054173",
    "text": "Fancy Sprinkles Moonstone Iridescent Fancy Edible Glitter Dusting Pump, 0.14 oz",
    "href": "/ip/Fancy-Sprinkles-Moonstone-Iridescent-Fancy-Edible-Glitter-Dusting-Pump-0-14-oz/5265054173?classType=REGULAR&from=/search",
    "currentPrice": "current price $8.98",
    "pricePerOz": "$89.80/oz",
    "pickup": "Pickup today",
    "delivery": "Delivery today",
    "shipping": "Shipping, arrives today"
  },
  {
    "ioId": "56ETL224JAGX",
    "linkIdentifier": "394910017",
    "text": "Great Value 6-Cell Patriotic Sprinkles Mix, 6.84 oz.",
    "href": "/ip/Great-Value-6-Cell-Patriotic-Sprinkles-Mix-6-84-oz/394910017?classType=REGULAR&from=/search",
    "currentPrice": "current price $4.98",
    "pricePerOz": "71.1 ¢/oz",
    "pickup": "Pickup today",
    "delivery": "Delivery today",
    "shipping": "Shipping, arrives today"
  },
  {
    "ioId": "39NMGPMRM2M0",
    "linkIdentifier": "793398292",
    "text": "Sweetshop Sprinkle Mix Gold Mix 2.5oz - Dessert Toppings",
    "href": "/ip/Sweetshop-Sprinkle-Mix-Gold-Mix-2-5oz-Dessert-Toppings/793398292?classType=VARIANT&from=/search",
    "currentPrice": "current price $1.98",
    "pricePerOz": "79.2 ¢/oz",
    "pickup": "Pickup today",
    "delivery": "Delivery today",
    "shipping": "N/A"
  },
  {
    "ioId": "0UCX7TRLKMGV",
    "linkIdentifier": "5265004656",
    "text": "Fancy Sprinkles Classic Rainbow Crunchy Jimmies, Dessert Sprinkles, 3.8 oz",
    "href": "/ip/Fancy-Sprinkles-Classic-Rainbow-Crunchy-Jimmies-Dessert-Sprinkles-3-8-oz/5265004656?classType=REGULAR&from=/search",
    "currentPrice": "current price $4.98",
    "pricePerOz": "$1.31/oz",
    "pickup": "Pickup today",
    "delivery": "Delivery today",
    "shipping": "Shipping, arrives today"
  },
  {
    "ioId": "6QCLAGMP13AG",
    "linkIdentifier": "140227085",
    "text": "Sweetshop Yellow Sprinkle Mix, 2.5oz - Dessert Toppings",
    "href": "/ip/Sweetshop-Yellow-Sprinkle-Mix-2-5oz-Dessert-Toppings/140227085?classType=VARIANT&from=/search",
    "currentPrice": "current price $1.98",
    "pricePerOz": "79.2 ¢/oz",
    "pickup": "Pickup today",
    "delivery": "Delivery today",
    "shipping": "N/A"
  },
  {
    "ioId": "0YKD4MF4MN0U",
    "linkIdentifier": "8831220676",
    "text": "Fancy Sprinkles Rainbow Baking Confetti with Sprinkles and Chocolate Pieces, 8 oz Bag",
    "href": "/ip/FANCY-SPRINKLES-Rainbow-Baking-Confetti-8-OZ/8831220676?classType=REGULAR&from=/search",
    "currentPrice": "current price $5.22",
    "pricePerOz": "65.3 ¢/oz",
    "pickup": "Pickup today",
    "delivery": "Delivery today",
    "shipping": "N/A"
  },
  {
    "ioId": "6OXSY9VP1ODD",
    "linkIdentifier": "112884374",
    "text": "Great Value Gold Sparkling Sugar, 3.5 oz.",
    "href": "/ip/Great-Value-Gold-Sparkling-Sugar-3-5-oz/112884374?classType=REGULAR&from=/search",
    "currentPrice": "current price $1.86",
    "pricePerOz": "53.1 ¢/oz",
    "pickup": "Pickup today",
    "delivery": "Delivery today",
    "shipping": "N/A"
  },
  {
    "ioId": "67LYPP88N55T",
    "linkIdentifier": "382517420",
    "text": "Great Value Dark Green Sanding Sugar, 3.5 oz",
    "href": "/ip/Great-Value-Dark-Green-Sanding-Sugar-3-5-oz/382517420?classType=REGULAR&from=/search",
    "currentPrice": "current price $1.86",
    "pricePerOz": "53.1 ¢/oz",
    "pickup": "Pickup today",
    "delivery": "Delivery today",
    "shipping": "N/A"
  },
  {
    "ioId": "49O26JP60FFR",
    "linkIdentifier": "2415704932",
    "text": "SWS - Sanding Sugar - Black - 1 oz",
    "href": "/ip/Sweetshop-Sanding-Sugar-Black-Sprinkles-1oz-Dessert-Toppings/2415704932?classType=VARIANT&athbdg=L1600&from=/search",
    "currentPrice": "current price $0.98",
    "pricePerOz": "N/A",
    "pickup": "Pickup today",
    "delivery": "Delivery today",
    "shipping": "N/A"
  },
  {
    "ioId": "5EO86V2XVFKO",
    "linkIdentifier": "2969784790",
    "text": "SWS - Birthday Party Balloons - 2.5 oz",
    "href": "/ip/Sweetshop-Sprinkles-Multicolor-Birthday-Party-Balloons-2-5oz/2969784790?classType=VARIANT&from=/search",
    "currentPrice": "current price $2.98",
    "pricePerOz": "$1.19/oz",
    "pickup": "Pickup today",
    "delivery": "Delivery today",
    "shipping": "Shipping, arrives today"
  },
  {
    "ioId": "2X0EDU4A17G8",
    "linkIdentifier": "26633040",
    "text": "Wilton Sugar Pearl Sprinkles, Pastel Pink, 5 oz.",
    "href": "/ip/Wilton-Sugar-Pearl-Sprinkles-Pastel-Pink-5-oz/26633040?classType=VARIANT&from=/search",
    "currentPrice": "current price $4.48",
    "pricePerOz": "89.6 ¢/oz",
    "pickup": "Pickup today",
    "delivery": "Delivery today",
    "shipping": "Shipping, arrives today"
  },
  {
    "ioId": "0W2Z8U5JI5M5",
    "linkIdentifier": "779557029",
    "text": "Great Value Candy Eyeballs, 0.88 oz",
    "href": "/ip/Great-Value-Candy-Eyeballs-0-88-oz/779557029?classType=REGULAR&from=/search",
    "currentPrice": "current price $3.88",
    "pricePerOz": "$4.31/oz",
    "pickup": "Pickup today",
    "delivery": "Delivery today",
    "shipping": "N/A"
  },
  {
    "ioId": "5MUMHEKG54DI",
    "linkIdentifier": "665563239",
    "text": "ChocoMaker Bright Pink Vanilla Flavored Cake Drip, 10.75oz Gluten Free",
    "href": "/ip/ChocoMaker-Bright-Pink-Vanilla-Flavored-Cake-Drip-10-75oz/665563239?classType=REGULAR&from=/search",
    "currentPrice": "current price $5.48",
    "pricePerOz": "50.7 ¢/oz",
    "pickup": "Pickup today",
    "delivery": "Delivery today",
    "shipping": "Shipping, arrives today"
  },
  {
    "ioId": "15XIWLOR1SBS",
    "linkIdentifier": "825350750",
    "text": "Great Value Decorating Sprinkles, Chocolate, 2.7 oz",
    "href": "/ip/Great-Value-Decorating-Sprinkles-Chocolate-2-7-oz/825350750?classType=REGULAR&from=/search",
    "currentPrice": "current price $2.12",
    "pricePerOz": "78.5 ¢/oz",
    "pickup": "Pickup today",
    "delivery": "Delivery today",
    "shipping": "N/A"
  },
  {
    "ioId": "2G71MKO6V062",
    "linkIdentifier": "279102863",
    "text": "Sweetshop Silver Dust Pump .35oz Dessert Toppings",
    "href": "/ip/Sweetshop-Silver-Dust-Pump-35oz-Dessert-Toppings/279102863?classType=VARIANT&athbdg=L1600&from=/search",
    "currentPrice": "current price $6.98",
    "pricePerOz": "$17.45/oz",
    "pickup": "Pickup today",
    "delivery": "Delivery today",
    "shipping": "Shipping, arrives today"
  },
  {
    "ioId": "5RIQSTBT0RXC",
    "linkIdentifier": "6299120610",
    "text": "Fancy Sprinkles Pretty Young Thing Edible Glitter Packets, 10 Count",
    "href": "/ip/Fancy-Sprinkles-Pretty-Young-Thing-Edible-Glitter-Packets-10-Count/6299120610?classType=REGULAR&from=/search",
    "currentPrice": "current price $9.98",
    "pricePerOz": "$49.90/oz",
    "pickup": "Pickup today",
    "delivery": "Delivery today",
    "shipping": "N/A"
  },
  {
    "ioId": "45TIQZKK6XX2",
    "linkIdentifier": "52668786",
    "text": "Wilton Candy Eyeballs for Frosted Treats, Black and White Candy Sprinkles, 0.88 oz.",
    "href": "/ip/Wilton-Mini-Candy-Eyeballs-710-7236/52668786?classType=REGULAR&athbdg=L1600&from=/search",
    "currentPrice": "current price $3.97",
    "pricePerOz": "49.6 ¢/oz",
    "pickup": "Pickup today",
    "delivery": "Delivery today",
    "shipping": "Shipping, arrives today"
  },
  {
    "ioId": "29XXL14K93YP",
    "linkIdentifier": "1456965826",
    "text": "Great Value Rainbow Stripe Liners 75ct",
    "href": "/ip/Great-Value-Rainbow-Stripe-Liners-75ct/1456965826?classType=REGULAR&from=/search",
    "currentPrice": "current price $1.12",
    "pricePerOz": "1.5 ¢/count",
    "pickup": "Pickup today",
    "delivery": "Delivery today",
    "shipping": "N/A"
  },
  {
    "ioId": "78XMMODAWGYO",
    "linkIdentifier": "1307866085",
    "text": "Fancy Sprinkles Mystery Fancy Edible Glitter Packets, 10 Count",
    "href": "/ip/Fancy-Sprinkles-Mystery-Fancy-Edible-Glitter-Packets-10-Count/1307866085?classType=REGULAR&from=/search",
    "currentPrice": "current price $10.47",
    "pricePerOz": "$52.35/oz",
    "pickup": "Pickup today",
    "delivery": "Delivery today",
    "shipping": "Shipping, arrives today"
  },
  {
    "ioId": "1THVAZ7RLZ49",
    "linkIdentifier": "558357469",
    "text": "Great Value Silver Sanding Sugar, 3.3 oz",
    "href": "/ip/Great-Value-Silver-Sanding-Sugar-3-3-oz/558357469?classType=REGULAR&from=/search",
    "currentPrice": "current price $1.86",
    "pricePerOz": "53.1 ¢/oz",
    "pickup": "Pickup today",
    "delivery": "Delivery today",
    "shipping": "N/A"
  },
  {
    "ioId": "2ZJH5RR8R9CX",
    "linkIdentifier": "24107831",
    "text": "Wilton Sugar Pearl Sprinkles, Pearls for Cakes and Icing Decoration, 5 oz., White",
    "href": "/ip/Wilton-Sugar-Pearl-Sprinkles-Pearls-for-Cakes-and-Icing-Decoration-5-oz-White/24107831?classType=VARIANT&from=/search",
    "currentPrice": "current price $4.48",
    "pricePerOz": "89.6 ¢/oz",
    "pickup": "Pickup today",
    "delivery": "Delivery today",
    "shipping": "Shipping, arrives today"
  },
  {
    "ioId": "2ZFGEIXM60AP",
    "linkIdentifier": "396561332",
    "text": "Sweetshop Gold Dust Pump Bottle Edible Shimmer .35oz Dessert Toppings",
    "href": "/ip/Sweetshop-Gold-Dust-Pump-Bottle-Edible-Shimmer-35oz-Dessert-Toppings/396561332?classType=VARIANT&from=/search",
    "currentPrice": "current price $6.98",
    "pricePerOz": "$17.45/oz",
    "pickup": "Pickup today",
    "delivery": "Delivery today",
    "shipping": "Shipping, arrives today"
  },
  {
    "ioId": "6LQBLQGW1XPL",
    "linkIdentifier": "268771723",
    "text": "Wilton Rose Icing Decorations, 8-Count",
    "href": "/ip/Wilton-Red-Rose-Royal-Icing-Decorations-1-55-oz-8-Count/268771723?classType=VARIANT&from=/search",
    "currentPrice": "current price $6.48",
    "pricePerOz": "$4.05/oz",
    "pickup": "Pickup today",
    "delivery": "Delivery today",
    "shipping": "Shipping, arrives today"
  },
  {
    "ioId": "63IQ06DHUHLT",
    "linkIdentifier": "963506411",
    "text": "Wilton Mini Daisy Royal Icing Decorations, Rainbow, 0.33 oz, 32-Pieces",
    "href": "/ip/Wilton-Mini-Daisy-Royal-Icing-Decorations-Rainbow-0-33-oz-32-Pieces/963506411?classType=VARIANT&from=/search",
    "currentPrice": "current price $6.48",
    "pricePerOz": "$21.60/oz",
    "pickup": "Pickup today",
    "delivery": "Delivery today",
    "shipping": "Shipping, arrives today"
  },
  {
    "ioId": "77143GBR9WLE",
    "linkIdentifier": "606307927",
    "text": "Great Value Mixed Nuts Dessert Topping, 4 oz",
    "href": "/ip/Great-Value-Mixed-Nuts-Dessert-Topping-4-oz/606307927?classType=VARIANT&from=/search",
    "currentPrice": "current price $1.68",
    "pricePerOz": "42.0 ¢/oz",
    "pickup": "Pickup today",
    "delivery": "Delivery today",
    "shipping": "N/A"
  },
  {
    "ioId": "5TDN0R7RF7C2",
    "linkIdentifier": "26633045",
    "text": "Wilton Blue Sugar Pearls, Blue Sprinkles Cakes, Cupcakes, Cookies or Molded Candies, 5 oz.",
    "href": "/ip/Wilton-Blue-Sugar-Pearls-Blue-Sprinkles-Cakes-Cupcakes-Cookies-or-Molded-Candies-5-oz/26633045?classType=VARIANT&from=/search",
    "currentPrice": "current price $4.48",
    "pricePerOz": "89.6 ¢/oz",
    "pickup": "Pickup today",
    "delivery": "Delivery today",
    "shipping": "Shipping, arrives today"
  },
  {
    "ioId": "3Z622CWI8TNT",
    "linkIdentifier": "979002077",
    "text": "Great Value Cookie Icing, Pink, 7 oz",
    "href": "/ip/Great-Value-Cookie-Icing-Pink-7-oz/979002077?classType=REGULAR&athbdg=L1600&from=/search",
    "currentPrice": "current price $3.32",
    "pricePerOz": "47.4 ¢/oz",
    "pickup": "Pickup today",
    "delivery": "Delivery today",
    "shipping": "N/A"
  },
  {
    "ioId": "4LU71EJRAD47",
    "linkIdentifier": "1278647616",
    "text": "Sprinkles Premium White Chocolate Bar Flecked with Colorful Sprinkles",
    "href": "/ip/Sprinkles-Premium-White-Chocolate-Bar-Flecked-with-Colorful-Sprinkles/1278647616?classType=REGULAR&from=/search",
    "currentPrice": "current price $3.94",
    "pricePerOz": "$1.41/oz",
    "pickup": "Pickup today",
    "delivery": "Delivery today",
    "shipping": "N/A"
  },
  {
    "ioId": "6O4GCCR152KL",
    "linkIdentifier": "3944172636",
    "text": "Sweetshop Gold Stars Icing Decorations, 8 Pieces",
    "href": "/ip/Sweetshop-Gold-Stars-Icing-Decorations-8-Pieces/3944172636?classType=REGULAR&from=/search",
    "currentPrice": "current price $5.47",
    "pricePerOz": "$18.23/oz",
    "pickup": "Pickup today",
    "delivery": "Delivery today",
    "shipping": "Shipping, arrives today"
  },
  {
    "ioId": "22LIA4CAIMVK",
    "linkIdentifier": "5258440235",
    "text": "Sulyn 0.59oz Embellishment Mixes- Unicorn Party Theme, Plastic Container",
    "href": "/ip/Sulyn-0-59oz-Embellishment-Mixes-Unicorn-Party-Theme-Plastic-Container/5258440235?classType=VARIANT&from=/search",
    "currentPrice": "current price $3.44",
    "pricePerOz": "$5.83/oz",
    "pickup": "Pickup today",
    "delivery": "Delivery today",
    "shipping": "N/A"
  },
  {
    "ioId": "2QB3AAGDKO1C",
    "linkIdentifier": "52668785",
    "text": "Wilton Rose Edible Wafer Decorations, 10-Count",
    "href": "/ip/Wilton-Rose-Edible-Wafer-Paper-Decorations-10-Count-710-7210/52668785?classType=REGULAR&from=/search",
    "currentPrice": "current price $5.27",
    "pricePerOz": "$17.57/oz",
    "pickup": "Pickup today",
    "delivery": "Delivery today",
    "shipping": "Shipping, arrives today"
  },
  {
    "ioId": "32W7SMV4AZSE",
    "linkIdentifier": "212592715",
    "text": "Cake Craft Gold Dazzle Dust, Cake Decoration, 1.76 oz.",
    "href": "/ip/Cake-Craft-Gold-Dazzle-Dust-Cake-Decoration-1-76-oz/212592715?classType=VARIANT&from=/search",
    "currentPrice": "current price $5.97",
    "pricePerOz": "$3.32/oz",
    "pickup": "Pickup today",
    "delivery": "Delivery today",
    "shipping": "Shipping, arrives today"
  },
  {
    "ioId": "3SNGHVQLHY8L",
    "linkIdentifier": "774511778",
    "text": "Wilton Planet, Moon and Star Royal Icing Decorations, Assorted, 0.70 oz, 18-Pieces",
    "href": "/ip/Wilton-Planet-Moon-and-Star-Royal-Icing-Decorations-Assorted-0-70-oz-18-Pieces/774511778?classType=VARIANT&from=/search",
    "currentPrice": "current price $6.27",
    "pricePerOz": "$8.96/oz",
    "pickup": "Pickup today",
    "delivery": "Delivery today",
    "shipping": "Shipping, arrives today"
  },
  {
    "ioId": "3AM1X5SUBBID",
    "linkIdentifier": "5262667938",
    "text": "Fancy Sprinkles Fool's Gold Dust Pump, 0.14oz",
    "href": "/ip/Fancy-Sprinkles-Fool-s-Gold-Fancy-Edible-Glitter-Dusting-Pump-0-14-oz/5262667938?classType=REGULAR&from=/search",
    "currentPrice": "current price $8.98",
    "pricePerOz": "$89.80/oz",
    "pickup": "Pickup today",
    "delivery": "Delivery today",
    "shipping": "Shipping, arrives today"
  },
  {
    "ioId": "2V5YU7ZLLB80",
    "linkIdentifier": "2327518890",
    "text": "GV Raspberry Dough Ice Cream Topper 8x4.5 oz",
    "href": "/ip/GV-Raspberry-Dough-Ice-Cream-Topper-8x4-5-oz/2327518890?classType=REGULAR&from=/search",
    "currentPrice": "current price $3.28",
    "pricePerOz": "72.9 ¢/oz",
    "pickup": "Pickup today",
    "delivery": "Delivery today",
    "shipping": "N/A"
  },
  {
    "ioId": "4JLMLZCTVQ4I",
    "linkIdentifier": "892055397",
    "text": "Great Value Edible Glitter Gel Icing, Metallic Classic Colors, 2.7 oz",
    "href": "/ip/Great-Value-Edible-Glitter-Gel-Icing-Metallic-Classic-Colors-2-7-oz/892055397?classType=REGULAR&from=/search",
    "currentPrice": "current price $3.16",
    "pricePerOz": "$1.17/oz",
    "pickup": "Pickup today",
    "delivery": "Delivery today",
    "shipping": "Shipping, arrives in 3+ days"
  },
  {
    "ioId": "43UD14SXWWBA",
    "linkIdentifier": "2663960203",
    "text": "GV Cake Batter Dough Ice Cream Topper 8x4.5 oz",
    "href": "/ip/GV-Cake-Batter-Dough-Ice-Cream-Topper-8x4-5-oz/2663960203?classType=REGULAR&athbdg=L1102&from=/search",
    "currentPrice": "current price $3.28",
    "pricePerOz": "72.9 ¢/oz",
    "pickup": "Pickup today",
    "delivery": "Delivery today",
    "shipping": "N/A"
  },
  {
    "ioId": "6XKY9OPR7B48",
    "linkIdentifier": "5321177610",
    "text": "Fancy Sprinkles Chill Out Ice Cream Decorating Kit, 12.1oz",
    "href": "/ip/Fancy-Sprinkles-Chocolate-Ice-Cream-Cone-Decorating-Kit-12-1-oz/5321177610?classType=REGULAR&from=/search",
    "currentPrice": "current price $5.96",
    "pricePerOz": "N/A",
    "pickup": "Pickup today",
    "delivery": "Delivery today",
    "shipping": "Shipping, arrives today"
  },
  {
    "ioId": "0W46SAXMYJT9",
    "linkIdentifier": "202900856",
    "text": "Cake Craft Red Writing Gel, Vanilla Flavored, 1.05 oz.",
    "href": "/ip/Cake-Craft-Red-Writing-Gel-Vanilla-Flavored-1-05-oz/202900856?classType=VARIANT&from=/search",
    "currentPrice": "current price $1.64",
    "pricePerOz": "$1.49/oz",
    "pickup": "Pickup today",
    "delivery": "Delivery today",
    "shipping": "N/A"
  },
  {
    "ioId": "5W4J9XB1H06A",
    "linkIdentifier": "5395422937",
    "text": "FlavorGod Chocolate Donut Topper",
    "href": "/ip/FlavorGod-Chocolate-Donut-Topper/5395422937?classType=REGULAR&from=/search",
    "currentPrice": "current price $6.26",
    "pricePerOz": "$1.61/oz",
    "pickup": "Pickup today",
    "delivery": "Delivery today",
    "shipping": "Shipping, arrives today"
  },
  {
    "ioId": "7GQQC9ZILJ9F",
    "linkIdentifier": "161185705",
    "text": "Great Value Red Decorating Gel, 0.67 oz Tube",
    "href": "/ip/Great-Value-Red-Decorating-Gel-0-67-OZ-Tube/161185705?classType=REGULAR&from=/search",
    "currentPrice": "current price $1.56",
    "pricePerOz": "$2.23/oz",
    "pickup": "Pickup today",
    "delivery": "Delivery today",
    "shipping": "N/A"
  },
  {
    "ioId": "2ELTEPLJPVJQ",
    "linkIdentifier": "40808247",
    "text": "Wilton Metallic Sugar Pearl Sprinkles, Gold, 4.97 oz.",
    "href": "/ip/Wilton-Metallic-Sugar-Pearl-Sprinkles-Gold-4-97-oz/40808247?classType=VARIANT&from=/search",
    "currentPrice": "current price $4.48",
    "pricePerOz": "89.6 ¢/oz",
    "pickup": "Pickup today",
    "delivery": "Delivery today",
    "shipping": "Shipping, arrives today"
  },
  {
    "ioId": "2NCC84SQ95XZ",
    "linkIdentifier": "10402988",
    "text": "Great Value Frozen Whipped Topping, 16 oz Container",
    "href": "/ip/Great-Value-Frozen-Whipped-Topping-16-oz-Container/10402988?classType=REGULAR&from=/search",
    "currentPrice": "current price $2.17",
    "pricePerOz": "13.6 ¢/oz",
    "pickup": "Pickup today",
    "delivery": "Delivery today",
    "shipping": "N/A"
  },
  {
    "ioId": "37MXJW79D2CH",
    "linkIdentifier": "116298930",
    "text": "Freshness Guaranteed 1/4 Sheet Confetti Drip Cake, 65oz, Cake Container, Regular, Refrigerate",
    "href": "/ip/Freshness-Guaranteed-1-4-Sheet-Confetti-Drip-Cake-65oz-Cake-Container-Regular-Refrigerate/116298930?classType=REGULAR&from=/search",
    "currentPrice": "current price $29.42",
    "pricePerOz": "45.3 ¢/oz",
    "pickup": "Pickup today",
    "delivery": "Delivery today",
    "shipping": "N/A"
  },
  {
    "ioId": "6L68QT3W98N9",
    "linkIdentifier": "1122479328",
    "text": "GV Churro Dough Ice Cream Topper 8x4.5 oz",
    "href": "/ip/GV-Churro-Dough-Ice-Cream-Topper-8x4-5-oz/1122479328?classType=REGULAR&from=/search",
    "currentPrice": "current price $3.28",
    "pricePerOz": "72.9 ¢/oz",
    "pickup": "Pickup today",
    "delivery": "Delivery today",
    "shipping": "N/A"
  },
  {
    "ioId": "18JFOIQYTU3A",
    "linkIdentifier": "603517544",
    "text": "Cake Craft Silver Color Spray, Cake Decoration Color Spray, 1.5 oz.",
    "href": "/ip/Cake-Craft-Silver-Color-Spray-Cake-Decoration-Color-Spray-1-5-oz/603517544?classType=VARIANT&from=/search",
    "currentPrice": "current price $4.98",
    "pricePerOz": "$3.32/oz",
    "pickup": "Pickup today",
    "delivery": "Delivery today",
    "shipping": "Shipping, arrives today"
  },
  {
    "ioId": "60PCNQ6Q5BTO",
    "linkIdentifier": "5258440232",
    "text": "Sulyn 0.70oz Embellishment Mixes- Happy Gathering Theme, Plastic Container",
    "href": "/ip/Sulyn-0-70oz-Embellishment-Mixes-Happy-Gathering-Theme-Plastic-Container/5258440232?classType=REGULAR&from=/search",
    "currentPrice": "current price $3.44",
    "pricePerOz": "$4.91/oz",
    "pickup": "Pickup today",
    "delivery": "Delivery today",
    "shipping": "N/A"
  },
  {
    "ioId": "1DCQ8521JYAV",
    "linkIdentifier": "512324029",
    "text": "Wilton Unicorn Ears and Horn Icing Decorations, Gold, 0.88 oz, 9-Count, Gold",
    "href": "/ip/Wilton-Unicorn-Ears-and-Horn-Icing-Decorations-Gold-0-88-oz-9-Count-Gold/512324029?classType=VARIANT&from=/search",
    "currentPrice": "current price $6.27",
    "pricePerOz": "$6.97/oz",
    "pickup": "Pickup today",
    "delivery": "Delivery today",
    "shipping": "Shipping, arrives today"
  },
  {
    "ioId": "6M6D1BD5QMDD",
    "linkIdentifier": "1866619040",
    "text": "Fancy Sprinkles Opulust Fancy Edible Glitter Packets, 10 Count",
    "href": "/ip/Fancy-Sprinkles-Opulust-Fancy-Edible-Glitter-Packets-10-Count/1866619040?classType=REGULAR&from=/search",
    "currentPrice": "current price $10.47",
    "pricePerOz": "$52.35/oz",
    "pickup": "Pickup today",
    "delivery": "Delivery today",
    "shipping": "N/A"
  },
  {
    "ioId": "20IYSQS9ERE2",
    "linkIdentifier": "5326338698",
    "text": "Fancy Sprinkles Vanilla Ice Cream Cone Decorating Kit, 12.1 oz",
    "href": "/ip/Fancy-Sprinkles-Vanilla-Ice-Cream-Cone-Decorating-Kit-12-1-oz/5326338698?classType=REGULAR&from=/search",
    "currentPrice": "current price $5.96",
    "pricePerOz": "N/A",
    "pickup": "Pickup today",
    "delivery": "Delivery today",
    "shipping": "Shipping, arrives today"
  },
  {
    "ioId": "1JLRXR0C6GYX",
    "linkIdentifier": "2022379614",
    "text": "Sweetshop Purple Mermaid Tails Icing Decorations, 6 Pieces",
    "href": "/ip/Sweetshop-Purple-Mermaid-Tails-Icing-Decorations-6-Pieces/2022379614?classType=REGULAR&from=/search",
    "currentPrice": "current price $5.47",
    "pricePerOz": "$13.02/oz",
    "pickup": "Pickup today",
    "delivery": "Delivery today",
    "shipping": "Shipping, arrives today"
  },
  {
    "ioId": "76YNDAU4RMFC",
    "linkIdentifier": "163860811",
    "text": "Great Value Cinnamon Sugar, 3.62 oz",
    "href": "/ip/Great-Value-Cinnamon-Sugar-3-62-oz/163860811?classType=VARIANT&from=/search",
    "currentPrice": "current price $2.28",
    "pricePerOz": "63.0 ¢/oz",
    "pickup": "Pickup today",
    "delivery": "Delivery today",
    "shipping": "N/A"
  },
  {
    "ioId": "6WF21ZPBN37P",
    "linkIdentifier": "330235627",
    "text": "Great Value White Decorating Gel, 0.67 oz",
    "href": "/ip/Great-Value-White-Decorating-Gel-0-67-oz/330235627?classType=VARIANT&from=/search",
    "currentPrice": "current price $1.56",
    "pricePerOz": "$2.23/oz",
    "pickup": "Pickup today",
    "delivery": "Delivery today",
    "shipping": "N/A"
  },
  {
    "ioId": "7JW6N4JA2QM7",
    "linkIdentifier": "5265004657",
    "text": "Fancy Sprinkles Be My Hero Sweet & Salty Snack Decorating Kit, 11.9 oz",
    "href": "/ip/Fancy-Sprinkles-Be-My-Hero-Sweet-Salty-Snack-Decorating-Kit-11-9-oz/5265004657?classType=REGULAR&from=/search",
    "currentPrice": "current price $13.63",
    "pricePerOz": "$1.15/oz",
    "pickup": "Pickup today",
    "delivery": "Delivery today",
    "shipping": "N/A"
  },
  {
    "ioId": "7JTU844QUL37",
    "linkIdentifier": "373505611",
    "text": "Great Value Decorating Gel Icing, Pink, 0.67 oz",
    "href": "/ip/Great-Value-Decorating-Gel-Pink-0-67-oz/373505611?classType=REGULAR&from=/search",
    "currentPrice": "current price $1.56",
    "pricePerOz": "$2.23/oz",
    "pickup": "Pickup today",
    "delivery": "Delivery today",
    "shipping": "N/A"
  },
  {
    "ioId": "6X06I7EAKMJT",
    "linkIdentifier": "757560032",
    "text": "Great Value Blue Decorating Cupcake Icing, 6.4 oz",
    "href": "/ip/Great-Value-Decorating-Blue-Cupcake-Icing-6-4-oz/757560032?classType=REGULAR&from=/search",
    "currentPrice": "current price $4.56",
    "pricePerOz": "71.3 ¢/oz",
    "pickup": "Pickup today",
    "delivery": "Delivery today",
    "shipping": "Shipping, arrives today"
  },
  {
    "ioId": "1ZDLTKCIKMZB",
    "linkIdentifier": "138263708",
    "text": "Great Value White Cupcake Icing, 8.4 oz",
    "href": "/ip/Great-Value-White-Cupcake-Icing-8-4-ounces/138263708?classType=REGULAR&from=/search",
    "currentPrice": "current price $4.56",
    "pricePerOz": "54.3 ¢/oz",
    "pickup": "Pickup today",
    "delivery": "Delivery today",
    "shipping": "Shipping, arrives today"
  },
  {
    "ioId": "17PBDEKDGQF6",
    "linkIdentifier": "25211881",
    "text": "Wilton Dab-N-Hold Edible Adhesive, Clear, 2 oz.",
    "href": "/ip/Wilton-Dab-N-Hold-Edible-Adhesive-2-oz/25211881?classType=REGULAR&athbdg=L1600&from=/search",
    "currentPrice": "current price $7.14",
    "pricePerOz": "$3.57/fl oz",
    "pickup": "Pickup today",
    "delivery": "Delivery today",
    "shipping": "Shipping, arrives today"
  },
  {
    "ioId": "63MA129MYHQC",
    "linkIdentifier": "764890205",
    "text": "Great Value Pink Decorating Icing, 8 oz",
    "href": "/ip/Great-Value-Pink-Decorating-Icing-8-oz/764890205?classType=REGULAR&from=/search",
    "currentPrice": "current price $3.48",
    "pricePerOz": "43.5 ¢/oz",
    "pickup": "Pickup today",
    "delivery": "Delivery today",
    "shipping": "N/A"
  },
  {
    "ioId": "2QVIKMUVCJ43",
    "linkIdentifier": "265232087",
    "text": "Wilton Ready Gum Paste for Edible Decorations, Frosting and Icing, White, 10 oz., Sugar Flavor",
    "href": "/ip/Wilton-Ready-Gum-Paste-for-Edible-Decorations-Frosting-and-Icing-White-10-oz-Sugar-Flavor/265232087?classType=VARIANT&from=/search",
    "currentPrice": "current price $6.78",
    "pricePerOz": "67.8 ¢/oz",
    "pickup": "Pickup today",
    "delivery": "Delivery today",
    "shipping": "Shipping, arrives today"
  },
  {
    "ioId": "74P2TXVGU46H",
    "linkIdentifier": "10289808481",
    "text": "Freshness Guaranteed Spring Marshmallow Treat, 16oz, 24 Count, Shelf Stable, Chewy, Instant, Contains Milk",
    "href": "/ip/Freshness-Guaranteed-Spring-Marshmallow-Treat-16oz-24ct-Shelf-Stable-Chewy-Crispy/10289808481?classType=REGULAR&from=/search",
    "currentPrice": "current price $7.47",
    "pricePerOz": "46.7 ¢/oz",
    "pickup": "Pickup today",
    "delivery": "Delivery today",
    "shipping": "N/A"
  },
  {
    "ioId": "6DAUH58FV0QX",
    "linkIdentifier": "470786688",
    "text": "Great Value Decorating Gel, Black, 0.67 oz",
    "href": "/ip/Great-Value-Decorating-Gel-Black-0-67-oz/470786688?classType=VARIANT&from=/search",
    "currentPrice": "current price $1.56",
    "pricePerOz": "$2.23/oz",
    "pickup": "Pickup today",
    "delivery": "Delivery today",
    "shipping": "N/A"
  },
  {
    "ioId": "3OZR6U3TM0XS",
    "linkIdentifier": "52668820",
    "text": "Wilton Clear Piping Gel, Edible Adhesive for Fondant and Gum Paste Decorations, 10 oz., Unflavored",
    "href": "/ip/Wilton-Clear-Piping-Gel-Edible-Adhesive-for-Fondant-and-Gum-Paste-Decorations-10-oz-Unflavored/52668820?classType=REGULAR&from=/search",
    "currentPrice": "current price $4.38",
    "pricePerOz": "43.8 ¢/oz",
    "pickup": "Pickup today",
    "delivery": "Delivery today",
    "shipping": "Shipping, arrives today"
  },
  {
    "ioId": "69PXH8PVWNDT",
    "linkIdentifier": "846153939",
    "text": "Great Value Happy Birthday Stars Candy Cake Decor, 0.91 oz",
    "href": "/ip/Great-Value-Happy-Birthday-Stars-Candy-Cake-Decor-0-91-oz/846153939?classType=REGULAR&from=/search",
    "currentPrice": "current price $4.48",
    "pricePerOz": "$4.98/oz",
    "pickup": "Pickup today",
    "delivery": "Delivery today",
    "shipping": "Shipping, arrives today"
  },
  {
    "ioId": "11PR9DJ8IFSH",
    "linkIdentifier": "720825826",
    "text": "Cake Craft Gold Color Spray, Cake Decoration Color Spray, 1.5 oz.",
    "href": "/ip/Cake-Craft-Gold-Color-Spray-Cake-Decoration-Color-Spray-1-5-oz/720825826?classType=VARIANT&from=/search",
    "currentPrice": "current price $4.98",
    "pricePerOz": "$3.32/oz",
    "pickup": "Pickup today",
    "delivery": "Delivery today",
    "shipping": "Shipping, arrives today"
  },
  {
    "ioId": "2IEEQ7OPH6K1",
    "linkIdentifier": "269533074",
    "text": "Great Value Blue Decorating Gel, 0.67 oz",
    "href": "/ip/Great-Value-Blue-Decorating-Gel-0-67-oz/269533074?classType=VARIANT&from=/search",
    "currentPrice": "current price $1.56",
    "pricePerOz": "$2.23/oz",
    "pickup": "Pickup today",
    "delivery": "Delivery today",
    "shipping": "N/A"
  },
  {
    "ioId": "4C4Q5BQUYZA9",
    "linkIdentifier": "10292569",
    "text": "Dream Whip OK Kosher Certification Whipped Topping Mix Box, 2.6 oz",
    "href": "/ip/Dream-Whip-OK-Kosher-Certification-Whipped-Topping-Mix-Box-2-6-oz/10292569?classType=VARIANT&from=/search",
    "currentPrice": "current price $3.63",
    "pricePerOz": "$1.40/oz",
    "pickup": "Pickup today",
    "delivery": "Delivery today",
    "shipping": "N/A"
  },
  {
    "ioId": "6M015KGOMVWH",
    "linkIdentifier": "516536188",
    "text": "ChocoMaker Chocolate Flavored Brown Cake Drip, 10.75oz Bottle",
    "href": "/ip/ChocoMaker-Chocolate-Flavored-Brown-Cake-Drip-10-75oz-Microwavable-Bottle/516536188?classType=REGULAR&from=/search",
    "currentPrice": "current price $5.48",
    "pricePerOz": "50.7 ¢/oz",
    "pickup": "Pickup today",
    "delivery": "Delivery today",
    "shipping": "Shipping, arrives today"
  },
  {
    "ioId": "1PCFEEVF5D4L",
    "linkIdentifier": "805089567",
    "text": "Wilton Sunflower Icing Decorations, 12-Count",
    "href": "/ip/Wilton-Sunflower-Royal-Icing-Decorations-Yellow-0-63-oz/805089567?classType=VARIANT&from=/search",
    "currentPrice": "current price $6.48",
    "pricePerOz": "$10.80/oz",
    "pickup": "Pickup today",
    "delivery": "Delivery today",
    "shipping": "Shipping, arrives today"
  },
  {
    "ioId": "17XF6C1PLE4K",
    "linkIdentifier": "630888473",
    "text": "Great Value Cookie Icing, Red, 7 oz",
    "href": "/ip/Great-Value-Cookie-Icing-Red-7-Ounces/630888473?classType=REGULAR&from=/search",
    "currentPrice": "current price $3.32",
    "pricePerOz": "47.4 ¢/oz",
    "pickup": "Pickup today",
    "delivery": "Delivery today",
    "shipping": "N/A"
  },
  {
    "ioId": "789A7NC9SQKP",
    "linkIdentifier": "214886506",
    "text": "Great Value Pink Cupcake Icing, 8.4 oz",
    "href": "/ip/GV-Icing-Cupcake-Can-NTF-PINK/214886506?classType=REGULAR&from=/search",
    "currentPrice": "current price $4.56",
    "pricePerOz": "54.3 ¢/oz",
    "pickup": "Pickup today",
    "delivery": "Delivery today",
    "shipping": "N/A"
  },
  {
    "ioId": "25TE9RIMR7YJ",
    "linkIdentifier": "721564464",
    "text": "Great Value Halloween Cookie Icing, Black, 7 oz",
    "href": "/ip/Great-Value-Halloween-Cookie-Icing-Black-7-oz/721564464?classType=REGULAR&from=/search",
    "currentPrice": "current price $3.16",
    "pricePerOz": "45.1 ¢/oz",
    "pickup": "Pickup today",
    "delivery": "Delivery today",
    "shipping": "N/A"
  },
  {
    "ioId": "3W73O55RFX9F",
    "linkIdentifier": "1235793208",
    "text": "Sweetshop Green Tropical Leaves Icing Decorations, 8 Pieces",
    "href": "/ip/Sweetshop-Green-Tropical-Leaves-Icing-Decorations-8-Pieces/1235793208?classType=REGULAR&athbdg=L1600&from=/search",
    "currentPrice": "current price $5.47",
    "pricePerOz": "$10.94/oz",
    "pickup": "Pickup today",
    "delivery": "Delivery today",
    "shipping": "Shipping, arrives today"
  },
  {
    "ioId": "571X2EJXNBPE",
    "linkIdentifier": "489602118",
    "text": "Great Value Decorating Gel, Green, 0.67 oz",
    "href": "/ip/Great-Value-Decorating-Gel-Green-0-67-oz/489602118?classType=REGULAR&from=/search",
    "currentPrice": "current price $1.56",
    "pricePerOz": "$2.23/oz",
    "pickup": "Pickup today",
    "delivery": "Delivery today",
    "shipping": "N/A"
  },
  {
    "ioId": "1M1C7HYK4L1Q",
    "linkIdentifier": "946966834",
    "text": "Great Value Green Cookie Icing, 7 oz",
    "href": "/ip/Great-Value-Cookie-Icing-Green-7-Ounces/946966834?classType=REGULAR&from=/search",
    "currentPrice": "current price $3.16",
    "pricePerOz": "45.1 ¢/oz",
    "pickup": "Pickup today",
    "delivery": "Delivery today",
    "shipping": "Shipping, arrives in 3+ days"
  },
  {
    "ioId": "6R5GUOFT7JGM",
    "linkIdentifier": "585524295",
    "text": "Great Value Green Decorating Cupcake Icing, 8.4 oz",
    "href": "/ip/Great-Value-Green-Decorating-Cupcake-Icing-8-4-oz/585524295?classType=REGULAR&from=/search",
    "currentPrice": "current price $4.56",
    "pricePerOz": "54.3 ¢/oz",
    "pickup": "Pickup today",
    "delivery": "Delivery today",
    "shipping": "Shipping, arrives today"
  },
  {
    "ioId": "2WG8IO6BH3YW",
    "linkIdentifier": "588983846",
    "text": "Great Value Writing Icing, Classic Multicolor, 2.7 oz",
    "href": "/ip/Great-Value-Writing-Icing-Classic-Colors-2-7-oz/588983846?classType=REGULAR&from=/search",
    "currentPrice": "current price $3.16",
    "pricePerOz": "$1.17/oz",
    "pickup": "Pickup today",
    "delivery": "Delivery today",
    "shipping": "N/A"
  },
  {
    "ioId": "53447VAKDNHX",
    "linkIdentifier": "976467603",
    "text": "Wilton Ready-to-Use Pastel Pink Fondant, Vanilla Flavored, 24 oz.",
    "href": "/ip/Wilton-Ready-to-Use-Pastel-Pink-Fondant-Vanilla-Flavored-24-oz/976467603?classType=REGULAR&from=/search",
    "currentPrice": "current price $11.48",
    "pricePerOz": "47.8 ¢/oz",
    "pickup": "Pickup today",
    "delivery": "Delivery today",
    "shipping": "Shipping, arrives today"
  },
  {
    "ioId": "4DHCNZVICY51",
    "linkIdentifier": "455878676",
    "text": "SWS Icing Dec Easter",
    "href": "/ip/SWS-MELTS-Marshmallow-12oz/455878676?classType=REGULAR&from=/search",
    "currentPrice": "current price $3.98",
    "pricePerOz": "33.2 ¢/oz",
    "pickup": "Pickup today",
    "delivery": "Delivery today",
    "shipping": "N/A"
  },
  {
    "ioId": "5N9BS3HIF43D",
    "linkIdentifier": "438963875",
    "text": "Great Value Red Cupcake Icing, 8.4 oz",
    "href": "/ip/Great-Value-Red-Cupcake-Icing-8-4-Ounces/438963875?classType=REGULAR&from=/search",
    "currentPrice": "current price $4.56",
    "pricePerOz": "54.3 ¢/oz",
    "pickup": "Pickup today",
    "delivery": "Delivery today",
    "shipping": "Shipping, arrives today"
  },
  {
    "ioId": "49KEUYC2BJ4L",
    "linkIdentifier": "718300003",
    "text": "Great Value Orange Cookie Icing, 7 oz",
    "href": "/ip/Great-Value-Orange-Cookie-Icing-7-oz/718300003?classType=REGULAR&from=/search",
    "currentPrice": "current price $3.16",
    "pricePerOz": "45.1 ¢/oz",
    "pickup": "Pickup today",
    "delivery": "Delivery today",
    "shipping": "N/A"
  },
  {
    "ioId": "360ALA0U4ZDW",
    "linkIdentifier": "929327818",
    "text": "Great Value Blue Decorating Icing, 8 oz",
    "href": "/ip/Great-Value-Blue-Decorating-Icing-8-oz/929327818?classType=REGULAR&from=/search",
    "currentPrice": "current price $3.48",
    "pricePerOz": "43.5 ¢/oz",
    "pickup": "Pickup today",
    "delivery": "Delivery today",
    "shipping": "N/A"
  }
]