[
  {
    "ioId": "50AF58FMJ245",
    "linkIdentifier": "2899053694",
    "text": "Great Value Natural Rainbow Sprinkles, 2.5 oz",
    "href": "/ip/Great-Value-Natural-Rainbow-Sprinkles-2-5-oz/2899053694?classType=REGULAR&athbdg=L1200&from=/search",
    "currentPrice": "current price $1.98",
    "pricePerOz": "79.2 ¢/oz"
  },
  {
    "ioId": "46LULMLCYC5K",
    "linkIdentifier": "642059820",
    "text": "Great Value Rainbow Sprinkles, 10.5 oz",
    "href": "/ip/Great-Value-Rainbow-Sprinkles-10-5-oz/642059820?classType=REGULAR&from=/search",
    "currentPrice": "current price $3.88",
    "pricePerOz": "37.0 ¢/oz"
  },
  {
    "ioId": "6X8E246KYDFP",
    "linkIdentifier": "140267850",
    "text": "Great Value Non Pareil Sprinkles, Rainbow, 3.15 oz",
    "href": "/ip/Great-Value-Non-Pareil-Sprinkles-Rainbow-3-15-oz/140267850?classType=VARIANT&from=/search",
    "currentPrice": "current price $2.12",
    "pricePerOz": "66.3 ¢/oz"
  },
  {
    "ioId": "4QD30CZHBTB5",
    "linkIdentifier": "807395027",
    "text": "Great Value Pink Sparkling Sugar, 3.5 oz.",
    "href": "/ip/Great-Value-Pink-Sparkling-Sugar-3-5-oz/807395027?classType=REGULAR&from=/search",
    "currentPrice": "current price $1.86",
    "pricePerOz": "53.1 ¢/oz"
  },
  {
    "ioId": "6M56HHOAPPJA",
    "linkIdentifier": "985157551",
    "text": "Great Value Red Sanding Sugar, 3.5 oz",
    "href": "/ip/Great-Value-Red-Sanding-Sugar-3-5-oz/985157551?classType=VARIANT&from=/search",
    "currentPrice": "current price $1.86",
    "pricePerOz": "53.1 ¢/oz"
  },
  {
    "ioId": "50LE78YNPDCD",
    "linkIdentifier": "407607432",
    "text": "Great Value Rainbow Sprinkles, 9 oz",
    "href": "/ip/Great-Value-Rainbow-Sprinkles-9-oz/407607432?classType=REGULAR&from=/search",
    "currentPrice": "current price $3.34",
    "pricePerOz": "37.1 ¢/oz"
  },
  {
    "ioId": "7GMJJF56MSTG",
    "linkIdentifier": "518871038",
    "text": "Great Value Decorating Rainbow Sprinkles, 2.7 oz",
    "href": "/ip/Great-Value-Decorating-Rainbow-Sprinkles-2-7-oz/518871038?classType=REGULAR&from=/search",
    "currentPrice": "current price $2.12",
    "pricePerOz": "78.5 ¢/oz"
  },
  {
    "ioId": "3PYKXKH1WBZU",
    "linkIdentifier": "1017033446",
    "text": "Great Value Rainbow Sprinkles, 26 oz",
    "href": "/ip/Great-Value-Rainbow-Sprinkles-26-oz/1017033446?classType=REGULAR&from=/search",
    "currentPrice": "current price $7.33",
    "pricePerOz": "28.2 ¢/oz"
  },
  {
    "ioId": "4Y31ZGTDNART",
    "linkIdentifier": "1171981806",
    "text": "Great Value Natural Chocolate Sprinkles, 2.5 oz",
    "href": "/ip/Great-Value-Natural-Chocolate-Sprinkles-2-5-oz/1171981806?classType=REGULAR&from=/search",
    "currentPrice": "current price $1.98",
    "pricePerOz": "79.2 ¢/oz"
  },
  {
    "ioId": "6XT5MF9HCF3C",
    "linkIdentifier": "342638589",
    "text": "Great Value Decorating Sprinkles, Sequins, 2 oz",
    "href": "/ip/Great-Value-Decorating-Sprinkles-Sequins-2-oz/342638589?classType=REGULAR&from=/search",
    "currentPrice": "current price $2.12",
    "pricePerOz": "$1.06/oz"
  },
  {
    "ioId": "2O2X40TXOJMB",
    "linkIdentifier": "596105880",
    "text": "Great Value Rainbow NP Sprinkles Tub 10oz",
    "href": "/ip/Great-Value-Rainbow-NP-Sprinkles-Tub-10oz/596105880?classType=REGULAR&from=/search",
    "currentPrice": "current price $3.64",
    "pricePerOz": "36.4 ¢/oz"
  },
  {
    "ioId": "31ZS30ABFFCX",
    "linkIdentifier": "356633526",
    "text": "Sweetshop White Sprinkle Mix, 2.5oz - Dessert Toppings",
    "href": "/ip/Sweetshop-White-Sprinkle-Mix-2-5oz-Dessert-Toppings/356633526?classType=VARIANT&from=/search",
    "currentPrice": "current price $1.98",
    "pricePerOz": "79.2 ¢/oz"
  },
  {
    "ioId": "4QKPI8DRP549",
    "linkIdentifier": "779858214",
    "text": "Sweetshop Purple Sprinkle Mix, 2.5oz - Dessert Toppings",
    "href": "/ip/Sweetshop-Purple-Sprinkle-Mix-2-5oz-Dessert-Toppings/779858214?classType=VARIANT&from=/search",
    "currentPrice": "current price $1.98",
    "pricePerOz": "79.2 ¢/oz"
  },
  {
    "ioId": "6C9UUWQA4EIU",
    "linkIdentifier": "2068183062",
    "text": "Sweetshop Gold Sanding Sugar Sprinkles, 1oz Dessert Toppings",
    "href": "/ip/Sweetshop-Gold-Sanding-Sugar-Sprinkles-1oz-Dessert-Toppings/2068183062?classType=VARIANT&athbdg=L1600&from=/search",
    "currentPrice": "current price $0.98",
    "pricePerOz": "N/A"
  },
  {
    "ioId": "6SUVH8UXF38K",
    "linkIdentifier": "266692421",
    "text": "Great Value 6-Cell Decorating Sprinkle Mix, Bright Multicolor, 5.9 oz",
    "href": "/ip/Great-Value-6-Cell-Bright-Sprinkles-5-9oz/266692421?classType=REGULAR&from=/search",
    "currentPrice": "current price $4.98",
    "pricePerOz": "84.4 ¢/oz"
  },
  {
    "ioId": "69K49ZCN7J9D",
    "linkIdentifier": "776528261",
    "text": "Great Value Sprinkles Mix Tub for Desserts, Candies, Jimmies and Pearls, 10.48 oz., Assorted Colors",
    "href": "/ip/Great-Value-Sprinkles-Mix-Tub-for-Desserts-Candies-Jimmies-and-Pearls-10-48-oz-Assorted-Colors/776528261?classType=REGULAR&from=/search",
    "currentPrice": "current price $3.64",
    "pricePerOz": "34.7 ¢/oz"
  },
  {
    "ioId": "3LUASC2HV95X",
    "linkIdentifier": "207219420",
    "text": "Great Value 6-Cell Gold & Silver Sprinkles Mix, 7 oz",
    "href": "/ip/Great-Value-6-Cell-Gold-Silver-Sugar/207219420?classType=REGULAR&from=/search",
    "currentPrice": "current price $4.98",
    "pricePerOz": "71.1 ¢/oz"
  },
  {
    "ioId": "3MOM5KQJOU4L",
    "linkIdentifier": "871145317",
    "text": "Great Value Rainbow Stars Sprinkle Mix, 2.6 oz",
    "href": "/ip/Great-Value-Rainbow-Stars-Sprinkle-Mix-2-6-oz/871145317?classType=REGULAR&from=/search",
    "currentPrice": "current price $2.38",
    "pricePerOz": "95.2 ¢/oz"
  },
  {
    "ioId": "4217PCSU2LH5",
    "linkIdentifier": "980077483",
    "text": "Great Value Chocolate Sprinkles, 10.5 oz",
    "href": "/ip/Great-Value-Chocolate-Sprinkles-10-5-oz/980077483?classType=REGULAR&from=/search",
    "currentPrice": "current price $3.88",
    "pricePerOz": "37.0 ¢/oz"
  },
  {
    "ioId": "3VJ4AMEC2VGJ",
    "linkIdentifier": "801520326",
    "text": "Great Value Purple Sanding Sugar, 3.5 oz",
    "href": "/ip/Great-Value-Purple-Sanding-Sugar-3-5-oz/801520326?classType=REGULAR&from=/search",
    "currentPrice": "current price $1.86",
    "pricePerOz": "53.1 ¢/oz"
  },
  {
    "ioId": "2EM33SQ3XD2J",
    "linkIdentifier": "5262667421",
    "text": "Fancy Sprinkles Deluxe Rainbow Crunchy Jimmies, Dessert Sprinkles, 3.8 oz",
    "href": "/ip/Fancy-Sprinkles-Deluxe-Rainbow-Crunchy-Jimmies-Dessert-Sprinkles-3-8-oz/5262667421?classType=REGULAR&from=/search",
    "currentPrice": "current price $4.98",
    "pricePerOz": "$1.31/oz"
  },
  {
    "ioId": "24D77XUKB9JQ",
    "linkIdentifier": "2731712260",
    "text": "Great Value Metallic Sprinkles Decorating Mix, 10 oz",
    "href": "/ip/Great-Value-Metallic-Sprinkles-Decorating-Mix-10-oz/2731712260?classType=REGULAR&from=/search",
    "currentPrice": "current price $5.23",
    "pricePerOz": "52.3 ¢/oz"
  },
  {
    "ioId": "3V5VGCV8VKC8",
    "linkIdentifier": "509008587",
    "text": "Great Value White Sparkling Sugar, 3.5 oz.",
    "href": "/ip/Great-Value-White-Sparkling-Sugar-3-5-oz/509008587?classType=REGULAR&from=/search",
    "currentPrice": "current price $1.86",
    "pricePerOz": "53.1 ¢/oz"
  },
  {
    "ioId": "16NHSK1Q01A1",
    "linkIdentifier": "755624062",
    "text": "Sweetshop Rose Gold Sprinkle Mix, 2.5oz - Dessert Toppings",
    "href": "/ip/Sweetshop-Rose-Gold-Sprinkle-Mix-2-5oz-Dessert-Toppings/755624062?classType=VARIANT&from=/search",
    "currentPrice": "current price $1.98",
    "pricePerOz": "79.2 ¢/oz"
  },
  {
    "ioId": "3TLZW84WYQIB",
    "linkIdentifier": "349765103",
    "text": "Great Value Blue Sanding Sugar, 3.3 oz",
    "href": "/ip/Great-Value-Blue-Sanding-Sugar-Jar/349765103?classType=VARIANT&from=/search",
    "currentPrice": "current price $1.86",
    "pricePerOz": "53.1 ¢/oz"
  },
  {
    "ioId": "3ZW5EVAHKG0Y",
    "linkIdentifier": "9382069789",
    "text": "Fancy Sprinkles Unicorn Baking Confetti with Sprinkles and Chocolate Pieces, 8 oz Bag",
    "href": "/ip/Fancy-Sprinkles-Unicorn-Baking-Confetti-and-Sprinkles-Chip-Blend-8oz/9382069789?classType=REGULAR&from=/search",
    "currentPrice": "current price $5.22",
    "pricePerOz": "65.3 ¢/oz"
  },
  {
    "ioId": "1UDDTWKIHFHK",
    "linkIdentifier": "2736682025",
    "text": "Great Value Patriotic Sprinkles Mix, 2.46 oz",
    "href": "/ip/Great-Value-Patriotic-Sprinkles-Mix-2-46-oz/2736682025?classType=REGULAR&from=/search",
    "currentPrice": "current price $2.12",
    "pricePerOz": "84.8 ¢/oz"
  },
  {
    "ioId": "3X1ITSKHVFZQ",
    "linkIdentifier": "1116329010",
    "text": "Sweetshop Multicolor T-Rex Sprinkles, 2.5oz Dessert Toppings",
    "href": "/ip/Sweetshop-Multicolor-T-Rex-Sprinkles-2-5oz-Dessert-Toppings/1116329010?classType=VARIANT&from=/search",
    "currentPrice": "current price $2.98",
    "pricePerOz": "$1.19/oz"
  },
  {
    "ioId": "5YWJVGQ270Q1",
    "linkIdentifier": "735435878",
    "text": "Great Value Multi Sprinkles, 4.2 oz",
    "href": "/ip/Great-Value-Multi-Sprinkles-4-2-oz/735435878?classType=REGULAR&from=/search",
    "currentPrice": "current price $4.64",
    "pricePerOz": "$1.11/oz"
  },
  {
    "ioId": "30113ZOGHCUH",
    "linkIdentifier": "2763319259",
    "text": "Sweetshop Sanding Sugar White Sprinkles, 1oz Dessert Toppings",
    "href": "/ip/Sweetshop-Sanding-Sugar-White-Sprinkles-1oz-Dessert-Toppings/2763319259?classType=VARIANT&from=/search",
    "currentPrice": "current price $0.98",
    "pricePerOz": "N/A"
  },
  {
    "ioId": "0SBU6BKA74SQ",
    "linkIdentifier": "2544091525",
    "text": "Sweetshop Sprinkles Unicorn 2.5 oz Dessert Toppings",
    "href": "/ip/Sweetshop-Sprinkles-Purple-Unicorn-2-5-oz-Dessert-Toppings/2544091525?classType=VARIANT&from=/search",
    "currentPrice": "current price $2.97",
    "pricePerOz": "$1.19/oz"
  },
  {
    "ioId": "5KFVRNYML7V5",
    "linkIdentifier": "299752953",
    "text": "Sweetshop Light Pink Dust Pump .35oz Dessert Toppings",
    "href": "/ip/Sweetshop-Light-Pink-Dust-Pump-35oz-Dessert-Toppings/299752953?classType=VARIANT&from=/search",
    "currentPrice": "current price $6.98",
    "pricePerOz": "$17.45/oz"
  },
  {
    "ioId": "5KYERMVELO3O",
    "linkIdentifier": "998929275",
    "text": "Great Value 4 in 1 Decorating Sugar, Pastel, 7oz - Dessert Toppings",
    "href": "/ip/Great-Value-4-in-1-Decorating-Sugar-Pastel-7oz-Dessert-Toppings/998929275?classType=REGULAR&from=/search",
    "currentPrice": "current price $3.82",
    "pricePerOz": "54.6 ¢/oz"
  },
  {
    "ioId": "2Z8OUTO2WBLF",
    "linkIdentifier": "1345641605",
    "text": "Sweetshop Safari Green Sprinkles - 2.5oz Dessert Toppings",
    "href": "/ip/Sweetshop-Safari-Green-Sprinkles-2-5oz-Dessert-Toppings/1345641605?classType=VARIANT&from=/search",
    "currentPrice": "current price $2.98",
    "pricePerOz": "$1.19/oz"
  },
  {
    "ioId": "1K8T8DYEXPMD",
    "linkIdentifier": "5265054173",
    "text": "Fancy Sprinkles Moonstone Iridescent Fancy Edible Glitter Dusting Pump, 0.14 oz",
    "href": "/ip/Fancy-Sprinkles-Moonstone-Iridescent-Fancy-Edible-Glitter-Dusting-Pump-0-14-oz/5265054173?classType=REGULAR&from=/search",
    "currentPrice": "current price $8.98",
    "pricePerOz": "$89.80/oz"
  },
  {
    "ioId": "56ETL224JAGX",
    "linkIdentifier": "394910017",
    "text": "Great Value 6-Cell Patriotic Sprinkles Mix, 6.84 oz.",
    "href": "/ip/Great-Value-6-Cell-Patriotic-Sprinkles-Mix-6-84-oz/394910017?classType=REGULAR&from=/search",
    "currentPrice": "current price $4.98",
    "pricePerOz": "71.1 ¢/oz"
  },
  {
    "ioId": "39NMGPMRM2M0",
    "linkIdentifier": "793398292",
    "text": "Sweetshop Sprinkle Mix Gold Mix 2.5oz - Dessert Toppings",
    "href": "/ip/Sweetshop-Sprinkle-Mix-Gold-Mix-2-5oz-Dessert-Toppings/793398292?classType=VARIANT&from=/search",
    "currentPrice": "current price $1.98",
    "pricePerOz": "79.2 ¢/oz"
  },
  {
    "ioId": "0UCX7TRLKMGV",
    "linkIdentifier": "5265004656",
    "text": "Fancy Sprinkles Classic Rainbow Crunchy Jimmies, Dessert Sprinkles, 3.8 oz",
    "href": "/ip/Fancy-Sprinkles-Classic-Rainbow-Crunchy-Jimmies-Dessert-Sprinkles-3-8-oz/5265004656?classType=REGULAR&from=/search",
    "currentPrice": "current price $4.98",
    "pricePerOz": "$1.31/oz"
  },
  {
    "ioId": "6QCLAGMP13AG",
    "linkIdentifier": "140227085",
    "text": "Sweetshop Yellow Sprinkle Mix, 2.5oz - Dessert Toppings",
    "href": "/ip/Sweetshop-Yellow-Sprinkle-Mix-2-5oz-Dessert-Toppings/140227085?classType=VARIANT&from=/search",
    "currentPrice": "current price $1.98",
    "pricePerOz": "79.2 ¢/oz"
  },
  {
    "ioId": "0YKD4MF4MN0U",
    "linkIdentifier": "8831220676",
    "text": "Fancy Sprinkles Rainbow Baking Confetti with Sprinkles and Chocolate Pieces, 8 oz Bag",
    "href": "/ip/FANCY-SPRINKLES-Rainbow-Baking-Confetti-8-OZ/8831220676?classType=REGULAR&from=/search",
    "currentPrice": "current price $5.22",
    "pricePerOz": "65.3 ¢/oz"
  }
]