[
  {
    "ioId": "4M6VF0R44V7D",
    "linkIdentifier": "703501688",
    "text": "Glad ForceFlex Tall Kitchen Drawstring Trash Bags, 13 Gallon, Gain Original with Febreze Freshness, 120 Count",
    "href": "/ip/Glad-ForceFlex-Tall-Kitchen-Trash-Bags-13-Gallon-120-Bags-Gain-Original-Scent-Febreze-Freshness/703501688?classType=VARIANT",
    "currentPrice": "current price $23.18",
    "pricePerOz": "19.3 ¢/count",
    "pickup": "Pickup at a nearby store",
    "delivery": "Shipping, arrives tomorrow",
    "shipping": "N/A"
  },
  {
    "ioId": "1P46LDOVBXKP",
    "linkIdentifier": "1335757248",
    "text": "Purina Dog Chow Complete Adult Dry Dog Food, High Protein Real Beef, 44 lb Bag",
    "href": "/ip/Purina-Dog-Chow-Dry-Dog-Food-High-Protein-Complete-Adult-Beef-Flavor-44-lb-Bag/1335757248?classType=VARIANT",
    "currentPrice": "current price $29.17",
    "pricePerOz": "66.3 ¢/lb",
    "pickup": "Pickup today",
    "delivery": "Delivery today",
    "shipping": "Shipping, arrives tomorrow"
  },
  {
    "ioId": "1EXN5EC4R985",
    "linkIdentifier": "296010804",
    "text": "Mainstays 7 Piece Reversible Bed in a Bag Comforter Set with Sheets, Black, Queen",
    "href": "/ip/Mainstays-Black-Reversible-7-Piece-Bed-in-a-Bag-Comforter-Set-with-Sheets-Queen/296010804?classType=VARIANT",
    "currentPrice": "current price $36.96",
    "pricePerOz": "N/A",
    "pickup": "Free pickup today",
    "delivery": "Delivery today",
    "shipping": "Free shipping, arrives tomorrow"
  },
  {
    "ioId": "6AXCX19B4QZQ",
    "linkIdentifier": "2770035696",
    "text": "Downy Liquid Laundry Fabric Softener and Conditioner, April Fresh Scent, 140 fl oz, 190 Loads",
    "href": "/ip/Downy-Liquid-Fabric-Softener-April-Fresh-Scent-140-fl-oz-190-Loads/2770035696?classType=VARIANT",
    "currentPrice": "current price $12.97",
    "pricePerOz": "9.3 ¢/fl oz",
    "pickup": "Pickup today",
    "delivery": "Delivery today",
    "shipping": "Shipping, arrives tomorrow"
  },
  {
    "ioId": "7JQ6UWQBN23T",
    "linkIdentifier": "183090953",
    "text": "Keurig K-Express Essentials Red Single-Serve K-Cup Pod Coffee Maker",
    "href": "/ip/Keurig-K-Express-Essentials-Single-Serve-K-Cup-Pod-Coffee-Maker-Red/183090953?classType=VARIANT&athbdg=L1300",
    "currentPrice": "current price Now $35.00",
    "pricePerOz": "$59.00",
    "pickup": "Free shipping, arrives tomorrow",
    "delivery": "N/A",
    "shipping": "N/A"
  },
  {
    "ioId": "6YA6TDQYTBW4",
    "linkIdentifier": "836036238",
    "text": "Hefty Ultra Strong 13 gallon Trash Bags, Tall Kitchen Trash Bags, White, Fabuloso Scent, 120 Bags",
    "href": "/ip/Hefty-Ultra-Strong-Tall-Kitchen-Trash-Bags-Fabuloso-Scent-13-Gallon-120-Count/836036238?classType=VARIANT",
    "currentPrice": "current price $21.37",
    "pricePerOz": "17.8 ¢/count",
    "pickup": "Pickup at a nearby store",
    "delivery": "Shipping, arrives tomorrow",
    "shipping": "N/A"
  },
  {
    "ioId": "74NBIUR8M0DJ",
    "linkIdentifier": "476550098",
    "text": "onn. 65 Class 4K UHD (2160P) LED Roku Smart Television HDR (100012587)",
    "href": "/ip/onn-65-Class-4K-UHD-2160P-LED-Roku-Smart-Television-HDR-100012587/476550098?classType=REGULAR",
    "currentPrice": "current price Now $298.00",
    "pricePerOz": "$348.00",
    "pickup": "Free pickup today",
    "delivery": "Delivery today",
    "shipping": "Free shipping, arrives tomorrow"
  },
  {
    "ioId": "2EFZCJESUONC",
    "linkIdentifier": "590208360",
    "text": "Pure Balance Wild & Free Salmon & Pea Recipe Dry Dog Food, Grain-Free, 24 lbs",
    "href": "/ip/Pure-Balance-Wild-Free-Salmon-Pea-Recipe-Dry-Dog-Food-Grain-Free-24-lbs/590208360?classType=VARIANT",
    "currentPrice": "current price $34.88",
    "pricePerOz": "$1.45/lb",
    "pickup": "Pickup today",
    "delivery": "Delivery today",
    "shipping": "Shipping, arrives tomorrow"
  },
  {
    "ioId": "3QNV7RX6TCQ1",
    "linkIdentifier": "5265254774",
    "text": "Beautiful Drew Chair by Drew Barrymore, Charcoal Boucle",
    "href": "/ip/Beautiful-Drew-Chair-by-Drew-Barrymore-Charcoal/5265254774?classType=VARIANT",
    "currentPrice": "current price Now $198.00",
    "pricePerOz": "$298.00",
    "pickup": "Free shipping, arrives in 3+ days",
    "delivery": "N/A",
    "shipping": "N/A"
  },
  {
    "ioId": "3HSCH4XVBQ5V",
    "linkIdentifier": "167121557",
    "text": "Assurance Unisex Premium Quilted Underpad, Maximum Absorbency, XL (30 Count)",
    "href": "/ip/Assurance-30x36-Premium-Quilted-Underpads-30-ct/167121557?classType=VARIANT",
    "currentPrice": "current price $17.67",
    "pricePerOz": "58.9 ¢/ea",
    "pickup": "Pickup today",
    "delivery": "Delivery today",
    "shipping": "Shipping, arrives tomorrow"
  },
  {
    "ioId": "6TV35K69898K",
    "linkIdentifier": "799842411",
    "text": "TCL 65 Class S4 (65S451) 4K UHD HDR Smart TV with Roku TV",
    "href": "/ip/TCL-65-Class-4-Series-4K-UHD-HDR-Smart-Roku-TV-65S451/799842411?classType=REGULAR",
    "currentPrice": "current price Now $328.00",
    "pricePerOz": "$378.00",
    "pickup": "Free pickup today",
    "delivery": "Delivery today",
    "shipping": "Free shipping, arrives tomorrow"
  },
  {
    "ioId": "643Z7B3YJQW5",
    "linkIdentifier": "21128252",
    "text": "Purina Cat Chow Immune Health, Indoor Dry Cat Food, Chicken, 3.15 lb Bag",
    "href": "/ip/Purina-Cat-Chow-Immune-Health-Indoor-Dry-Cat-Food-Chicken-3-15-lb-Bag/21128252?classType=VARIANT",
    "currentPrice": "current price $6.28",
    "pricePerOz": "$1.96/lb",
    "pickup": "Pickup today",
    "delivery": "Delivery today",
    "shipping": "Shipping, arrives tomorrow"
  },
  {
    "ioId": "6IGUOXEESSAR",
    "linkIdentifier": "443574645",
    "text": "Microsoft Xbox Series X 1TB Carbon Black",
    "href": "/ip/Xbox-Series-X-Video-Game-Console-Black/443574645?classType=REGULAR",
    "currentPrice": "current price $498.00",
    "pricePerOz": "$498.00/ca",
    "pickup": "Pickup at a nearby store",
    "delivery": "Free shipping, arrives tomorrow",
    "shipping": "N/A"
  },
  {
    "ioId": "3LZYE71496OX",
    "linkIdentifier": "422606986",
    "text": "Pedigree Complete Nutrition Roasted Chicken, Rice & Vegetable Dry Dog Food For Adult Dog, 44 Lb Bag",
    "href": "/ip/Pedigree-Complete-Nutrition-Adult-Dry-Dog-Food-Roasted-Chicken-Rice-Vegetable-Flavor-Dog-Kibble-44-lb/422606986?classType=REGULAR&athbdg=L1300",
    "currentPrice": "current price Now $26.97",
    "pricePerOz": "$31.48",
    "pickup": "Pickup today",
    "delivery": "Delivery today",
    "shipping": "Shipping, arrives tomorrow"
  },
  {
    "ioId": "7D2NRIGWS2RT",
    "linkIdentifier": "740630443",
    "text": "LG 65\" 4K UHD Smart TV 2160p webOS, 65UQ7070ZUE",
    "href": "/ip/LG-65-4K-UHD-Smart-TV-2160p-webOS-65UQ7070ZUE/740630443?classType=VARIANT&athbdg=L1300",
    "currentPrice": "current price Now $398.00",
    "pricePerOz": "$476.00",
    "pickup": "Free pickup today",
    "delivery": "Delivery today",
    "shipping": "Free shipping, arrives tomorrow"
  },
  {
    "ioId": "5DESB1K2W0LZ",
    "linkIdentifier": "1446707820",
    "text": "Purina Dog Chow Complete Adult Dry Dog Food, High Protein Real Chicken, 44 lb Bag",
    "href": "/ip/Purina-Dog-Chow-Complete-Dry-Dog-Food-for-Adult-Dogs-High-Protein-Real-Chicken-44-lb-Bag/1446707820?classType=VARIANT",
    "currentPrice": "current price $29.17",
    "pricePerOz": "66.3 ¢/lb",
    "pickup": "Pickup today",
    "delivery": "Delivery today",
    "shipping": "Shipping, arrives tomorrow"
  },
  {
    "ioId": "52201WEDGCCM",
    "linkIdentifier": "362649628",
    "text": "Pampers Swaddlers Baby Diapers Size 4, 66 Count (Select for More Options)",
    "href": "/ip/Pampers-Swaddlers-Size4-Super-Pack-66ct/362649628?classType=VARIANT",
    "currentPrice": "current price $28.22",
    "pricePerOz": "42.8 ¢/count",
    "pickup": "Pickup today",
    "delivery": "Delivery today",
    "shipping": "Shipping, arrives tomorrow"
  },
  {
    "ioId": "5HZ5ITM0DUKJ",
    "linkIdentifier": "310412478",
    "text": "Swiffer Wet Jet Mop Cleaning Pads Refill, Floor Cleaner for Mopping Wood, Laminate, Tile, 15ct",
    "href": "/ip/Swiffer-Wetjet-Heavyduty-15ct-Refill/310412478?classType=VARIANT",
    "currentPrice": "current price Now $9.94",
    "pricePerOz": "$28.60",
    "pickup": "Pickup today",
    "delivery": "Delivery today",
    "shipping": "Shipping, arrives tomorrow"
  },
  {
    "ioId": "69RN0N3M1C1Z",
    "linkIdentifier": "2101922242",
    "text": "Bounty Select-a-Size Paper Towels, 12 Double Rolls, White",
    "href": "/ip/Bounty-Select-a-Size-Paper-Towels-12-Double-Rolls-White/2101922242?classType=REGULAR",
    "currentPrice": "current price $23.28",
    "pricePerOz": "$2.16/100 ct",
    "pickup": "Pickup today",
    "delivery": "Delivery today",
    "shipping": "Shipping, arrives tomorrow"
  },
  {
    "ioId": "6MRLJVB5E96Q",
    "linkIdentifier": "714288109",
    "text": "Mainstays Collapsible Fabric Cube Storage Bin, Vanilla Dream",
    "href": "/ip/Mainstays-Collapsible-Fabric-Cube-Storage-Bin-10-5-x-10-5-Vanilla-Dream/714288109?classType=VARIANT",
    "currentPrice": "current price $4.38",
    "pricePerOz": "N/A",
    "pickup": "Pickup today",
    "delivery": "Delivery today",
    "shipping": "Shipping, arrives tomorrow"
  },
  {
    "ioId": "3VP3V63O383T",
    "linkIdentifier": "344638043",
    "text": "Great Value 13-Gallon Drawstring Tall Kitchen Trash Bags, Unscented, 40 Bags",
    "href": "/ip/Great-Value-13-Gallon-Drawstring-Tall-Kitchen-Trash-Bags-Unscented-40-Bags/344638043?classType=VARIANT",
    "currentPrice": "current price $7.12",
    "pricePerOz": "17.8 ¢/count",
    "pickup": "Pickup today",
    "delivery": "Delivery today",
    "shipping": "Shipping, arrives tomorrow"
  },
  {
    "ioId": "2G1XS5M9COAZ",
    "linkIdentifier": "649566173",
    "text": "Hefty 72 Quart Clear Plastic Storage Bin with Blue HI-RISE Lid, Adult",
    "href": "/ip/Hefty-72-Quart-Clear-Plastic-Storage-Bin-with-Blue-HI-RISE-Lid-Adult/649566173?classType=VARIANT",
    "currentPrice": "current price $15.83",
    "pricePerOz": "N/A",
    "pickup": "Pickup at a nearby store",
    "delivery": "Shipping, arrives tomorrow",
    "shipping": "N/A"
  },
  {
    "ioId": "11LFUOQC4K7B",
    "linkIdentifier": "885509773",
    "text": "Parent's Choice Dry & Gentle Diapers Size 5, 27 Count (Select for More Options)",
    "href": "/ip/Parent-s-Choice-Dry-Gentle-Diapers-Size-5-27-Count-Select-for-More-Options/885509773?classType=VARIANT",
    "currentPrice": "current price $4.98",
    "pricePerOz": "18.4 ¢/count",
    "pickup": "Pickup today",
    "delivery": "Delivery today",
    "shipping": "Shipping, arrives tomorrow"
  },
  {
    "ioId": "27Q26PKX4ISO",
    "linkIdentifier": "467056074",
    "text": "Black, Rust-Oleum American Accents 2X Ultra Cover Flat Spray Paint- 12 oz",
    "href": "/ip/Black-Rust-Oleum-American-Accents-2X-Ultra-Cover-Flat-Spray-Paint-12-oz/467056074?classType=VARIANT",
    "currentPrice": "current price $5.98",
    "pricePerOz": "49.8 ¢/oz",
    "pickup": "Pickup today",
    "delivery": "Delivery today",
    "shipping": "Shipping, arrives tomorrow"
  },
  {
    "ioId": "6QA1RRVOZI90",
    "linkIdentifier": "665463487",
    "text": "Pedigree Complete Nutrition Grilled Steak & Vegetable Dry Dog Food for Adult Dog, 44 lb Bag",
    "href": "/ip/PEDIGREE-Complete-Nutrition-Grilled-Steak-Vegetable-Dry-Dog-Food-for-Adult-Dog-44-lb-Bag/665463487?classType=REGULAR&athbdg=L1300",
    "currentPrice": "current price Now $26.97",
    "pricePerOz": "$31.48",
    "pickup": "Pickup today",
    "delivery": "Delivery today",
    "shipping": "Shipping, arrives tomorrow"
  },
  {
    "ioId": "1S1KVLQ03IBT",
    "linkIdentifier": "304448070",
    "text": "Athletic Works Women's and Women's Plus Stretch Cotton Blend Ankle Leggings with Side Pockets",
    "href": "/ip/Athletic-Works-Women-s-and-Women-s-Plus-Stretch-Cotton-Blend-Ankle-Leggings-with-Side-Pockets/304448070?classType=VARIANT&athbdg=L1400",
    "currentPrice": "current price Now $5.99",
    "pricePerOz": "$12.98",
    "pickup": "Pickup today",
    "delivery": "Delivery today",
    "shipping": "Shipping, arrives tomorrow"
  },
  {
    "ioId": "6LM6ZZ5Y545H",
    "linkIdentifier": "375709007",
    "text": "Puffs Plus Lotion Facial Tissues, 4 Family Box, 124 Tissues per Box",
    "href": "/ip/Puffs-Plus-Lotion-Facial-Tissues-4-Family-Box-124-White-Tissues-per-Box/375709007?classType=REGULAR",
    "currentPrice": "current price $6.84",
    "pricePerOz": "$1.38/100 ct",
    "pickup": "Pickup today",
    "delivery": "Delivery today",
    "shipping": "N/A"
  },
  {
    "ioId": "5OJO3G7NAC0W",
    "linkIdentifier": "826589164",
    "text": "Your Zone Children's Plastic Clothing Hangers, 10 Pack, White",
    "href": "/ip/Your-Zone-Children-s-Clothing-Hangers-10-Pack-White-Sizes-Up-to-8-Durable-Plastic/826589164?classType=VARIANT",
    "currentPrice": "current price $1.48",
    "pricePerOz": "N/A",
    "pickup": "Pickup today",
    "delivery": "Delivery today",
    "shipping": "N/A"
  },
  {
    "ioId": "2KX8SJD4XZRX",
    "linkIdentifier": "301035241",
    "text": "Quest Tortilla Style Protein Chips with 19g of Protein, Ranch Flavor, 1.1 Oz, Single",
    "href": "/ip/Quest-Tortilla-Style-Protein-Chips-High-Protein-Ranch-Flavor-Gluten-Free-Single-Bag-1-1-oz/301035241?classType=VARIANT",
    "currentPrice": "current price $2.78",
    "pricePerOz": "$2.53/oz",
    "pickup": "Pickup today",
    "delivery": "Delivery today",
    "shipping": "N/A"
  },
  {
    "ioId": "61159LXX3Y6E",
    "linkIdentifier": "1383243594",
    "text": "Swiffer Power Mop Cleaning Pads Refill, Floor Cleaner for Mopping Tile, Vinyl, Laminate, Wood, 5ct",
    "href": "/ip/Swiffer-PowerMop-Multi-Surface-Mopping-Pad-Refills-5-Count-Mop-Heads/1383243594?classType=VARIANT",
    "currentPrice": "current price $9.94",
    "pricePerOz": "$1.99/count",
    "pickup": "Pickup today",
    "delivery": "Delivery today",
    "shipping": "Shipping, arrives tomorrow"
  },
  {
    "ioId": "7AG7CN7QEXA7",
    "linkIdentifier": "432779758",
    "text": "BOOST High Protein Nutritional Drink, Rich Chocolate, 20 g Protein, 15 - 8 fl oz Bottles",
    "href": "/ip/BOOST-High-Protein-Nutritional-Drink-Rich-Chocolate-20-g-Protein-15-8-fl-oz-Bottles/432779758?classType=VARIANT",
    "currentPrice": "current price $25.33",
    "pricePerOz": "$3.17/fl oz",
    "pickup": "N/A",
    "delivery": "N/A",
    "shipping": "N/A"
  },
  {
    "ioId": "72Z3E5N9BQZN",
    "linkIdentifier": "716536537",
    "text": "OPP SNAP FAMILY TEST",
    "href": "/ip/Sterilite-18-Gallon-Tote-Box-Plastic-Titanium/716536537?classType=undefined",
    "currentPrice": "N/A",
    "pricePerOz": "N/A",
    "pickup": "N/A",
    "delivery": "N/A",
    "shipping": "N/A"
  },
  {
    "ioId": "5RO4KBGYOQJS",
    "linkIdentifier": "10318950",
    "text": "PEDIGREE Wet Dog Food for Adult Dog Variety Pack, (12) 13.2 oz. Cans",
    "href": "/ip/Pedigree-Choice-Cuts-In-Gravy-With-Beef-Multipack-Adult-Canned-Wet-Dog-Food-13-2-Oz-Cans-12-Pack/10318950?classType=undefined",
    "currentPrice": "N/A",
    "pricePerOz": "N/A",
    "pickup": "N/A",
    "delivery": "N/A",
    "shipping": "N/A"
  },
  {
    "ioId": "6HA6QYKN5ESN",
    "linkIdentifier": "10902055",
    "text": "Pennington Classic Wild Bird Feed and Seed",
    "href": "/ip/WILD-BIRD-FD-50/10902055?classType=undefined",
    "currentPrice": "N/A",
    "pricePerOz": "N/A",
    "pickup": "N/A",
    "delivery": "N/A",
    "shipping": "N/A"
  },
  {
    "ioId": "59UJRSZ3FNKI",
    "linkIdentifier": "408362440",
    "text": "Tide Pods Laundry Detergent Pacs, Ultra Oxi",
    "href": "/ip/Tide-Sud-With-Oxi-32ct/408362440?classType=undefined",
    "currentPrice": "N/A",
    "pricePerOz": "N/A",
    "pickup": "N/A",
    "delivery": "N/A",
    "shipping": "N/A"
  },
  {
    "ioId": "7I16EOCS77VM",
    "linkIdentifier": "609040889",
    "text": "Apple MacBook Air 13.3 inch Laptop - Space Gray, M1 Chip, Built for Apple Intelligence, 8GB RAM, 256GB storage",
    "href": "/ip/Apple-MacBook-Air-13-3-inch-Laptop-Space-Gray-M1-Chip-8GB-RAM-256GB-storage/609040889?classType=undefined",
    "currentPrice": "N/A",
    "pricePerOz": "N/A",
    "pickup": "N/A",
    "delivery": "N/A",
    "shipping": "N/A"
  },
  {
    "ioId": "3OTZS2R89VO3",
    "linkIdentifier": "314805312",
    "text": "Huggies Snug & Dry Baby Diapers (Choose Your Size & Count)",
    "href": "/ip/Huggies-Snug-Dry-Baby-Diapers-Size-5-27-lbs-68-Ct-Select-for-More-Options/314805312?classType=undefined",
    "currentPrice": "N/A",
    "pricePerOz": "N/A",
    "pickup": "N/A",
    "delivery": "N/A",
    "shipping": "N/A"
  },
  {
    "ioId": "19KC91P2F8EC",
    "linkIdentifier": "238622168",
    "text": "Mainstays 18-Pack Washcloth Bundle Collection",
    "href": "/ip/Mainstays-18-Pack-Washcloth-Bundle-White/238622168?classType=undefined",
    "currentPrice": "N/A",
    "pricePerOz": "N/A",
    "pickup": "N/A",
    "delivery": "N/A",
    "shipping": "N/A"
  },
  {
    "ioId": "15IKHVUV2S15",
    "linkIdentifier": "199817180",
    "text": "Pampers Cruisers 360 Fit Diapers (Choose Your Size & Count)",
    "href": "/ip/Pampers-Cruisers-360-Diapers-Size-3-132-Count-Select-for-More-Options/199817180?classType=undefined",
    "currentPrice": "N/A",
    "pricePerOz": "N/A",
    "pickup": "N/A",
    "delivery": "N/A",
    "shipping": "N/A"
  },
  {
    "ioId": "1MXQMBOYOZAE",
    "linkIdentifier": "711212619",
    "text": "Hyper Tough - 27 Gallon Snap Lid Plastic Storage Tote Box, Black Base/Red Lid, Multiple Count",
    "href": "/ip/Hyper-Tough-27-Gallon-Snap-Lid-Plastic-Storage-Bin-Container-Black-with-Red-Lid/711212619?classType=undefined",
    "currentPrice": "N/A",
    "pricePerOz": "N/A",
    "pickup": "N/A",
    "delivery": "N/A",
    "shipping": "N/A"
  },
  {
    "ioId": "1SG029ZTOLLO",
    "linkIdentifier": "708542578",
    "text": "Angel Soft 2-Ply Toilet Paper, 9 Mega Rolls",
    "href": "/ip/Angel-Soft-Toilet-Paper-9-Mega-Rolls-Soft-and-Strong-Toilet-Tissue/708542578?classType=VARIANT&athbdg=L1600&selectedSellerId=0",
    "currentPrice": "current price $6.36",
    "pricePerOz": "22.1 ¢/100 ct",
    "pickup": "Pickup today",
    "delivery": "Delivery today",
    "shipping": "N/A"
  },
  {
    "ioId": "3JHK1SO5QXUS",
    "linkIdentifier": "5308348689",
    "text": "(2 pack) Morton® Salt Clean and Protect® Plus Rust Defense® Water Softener Salt Pellets, 40 lb. Bag",
    "href": "/ip/Morton-Salt-Clean-and-Protect-Water-Softener-Plus-Rust-Defense-Pellets-40-lb-Bag/5308348689?classType=VARIANT&athbdg=L1600&selectedSellerId=0",
    "currentPrice": "current price $19.04",
    "pricePerOz": "23.8 ¢/lb",
    "pickup": "Shipping, arrives tomorrow",
    "delivery": "N/A",
    "shipping": "N/A"
  },
  {
    "ioId": "4286990V80H1",
    "linkIdentifier": "206353223",
    "text": "Premier Protein Shake, Cookies & Cream, 30g Protein, 11 fl oz, 12 Ct",
    "href": "/ip/Premier-Protein-Shake-Cookies-Cream-30g-Protein-12-Ct/206353223?classType=VARIANT&selectedSellerId=0",
    "currentPrice": "current price $24.65",
    "pricePerOz": "$2.24/fl oz",
    "pickup": "Shipping, arrives tomorrow",
    "delivery": "N/A",
    "shipping": "N/A"
  },
  {
    "ioId": "3HF8N6KG785C",
    "linkIdentifier": "2962168200",
    "text": "Mainstays Performance Textured 6-Piece Bath Towel Set, Grey",
    "href": "/ip/Mainstays-Performance-Textured-6-Piece-Bath-Towel-Set-Grey/2962168200?classType=VARIANT&athbdg=L1600&selectedSellerId=0",
    "currentPrice": "current price $17.82",
    "pricePerOz": "N/A",
    "pickup": "Shipping, arrives in 3+ days",
    "delivery": "N/A",
    "shipping": "N/A"
  },
  {
    "ioId": "5NXBXQ6OAR7P",
    "linkIdentifier": "45152389",
    "text": "Premier Protein Shake, Vanilla, 30g Protein, 11 fl oz, 4 Ct",
    "href": "/ip/Premier-Protein-Vanilla-High-Protein-Shake-11-fl-oz-4-count/45152389?classType=VARIANT&selectedSellerId=0",
    "currentPrice": "current price $9.58",
    "pricePerOz": "21.8 ¢/fl oz",
    "pickup": "Pickup today",
    "delivery": "Delivery today",
    "shipping": "Shipping, arrives tomorrow"
  },
  {
    "ioId": "7BOYBCGKC893",
    "linkIdentifier": "759166934",
    "text": "Kingsford Match Light Instant Charcoal Briquettes, 12 lbs",
    "href": "/ip/Kingsford-Match-Light-Instant-Charcoal-Briquettes-12-lb/759166934?classType=REGULAR&athbdg=L1600&selectedSellerId=0",
    "currentPrice": "current price $10.92",
    "pricePerOz": "91.0 ¢/lb",
    "pickup": "Pickup today",
    "delivery": "Delivery today",
    "shipping": "Shipping, arrives tomorrow"
  },
  {
    "ioId": "5X2C5ZG2Y78G",
    "linkIdentifier": "21128249",
    "text": "Purina One Dry Dog Food for Adult Dogs High Protein, Real Chicken & Rice, 16.5 lb Bag",
    "href": "/ip/Purina-ONE-Dry-Dog-Food-for-Adults-Natural-High-Protein-with-Real-Chicken-Rice-16-5-lb-Bag/21128249?classType=VARIANT&athbdg=L1600&selectedSellerId=0",
    "currentPrice": "current price $30.28",
    "pricePerOz": "$1.81/lb",
    "pickup": "Pickup today",
    "delivery": "Delivery today",
    "shipping": "Shipping, arrives tomorrow"
  },
  {
    "ioId": "3FWFIE9VNNYG",
    "linkIdentifier": "2143571675",
    "text": "Mainstays Adjustable Rolling Garment Rack Metal Chrome, White, 84-121Wx44Dx123.5-163Hcm",
    "href": "/ip/Mainstays-Adjustable-Rolling-Garment-Rack-Metal-Chrome-White-84-121Wx44Dx123-5-163Hcm/2143571675?classType=VARIANT&athbdg=L1600&selectedSellerId=0",
    "currentPrice": "current price $8.97",
    "pricePerOz": "N/A",
    "pickup": "Pickup today",
    "delivery": "Delivery today",
    "shipping": "Shipping, arrives tomorrow"
  },
  {
    "ioId": "7EQ88XBO8O9T",
    "linkIdentifier": "35433656",
    "text": "Kibbles 'n Bits Original Savory Beef & Chicken Flavors Dry Dog Food, 45 lb. Bag",
    "href": "/ip/Kibbles-n-Bits-Original-Savory-Beef-Chicken-Flavor-Dry-Dog-Food-45-Pound-Dogs/35433656?classType=VARIANT&athbdg=L1300&selectedSellerId=0",
    "currentPrice": "current price Now $26.97",
    "pricePerOz": "$29.98",
    "pickup": "Pickup today",
    "delivery": "Delivery today",
    "shipping": "Shipping, arrives tomorrow"
  },
  {
    "ioId": "2O0XZHIPAXLE",
    "linkIdentifier": "318081708",
    "text": "Time and Tru Women's High Rise Jeggings, 29\" Inseam, Sizes XS-XXXL",
    "href": "/ip/Time-and-Tru-Women-s-High-Rise-Jeggings-29-Inseam-Sizes-XS-XXXL/318081708?classType=VARIANT&athbdg=L1600&selectedSellerId=0",
    "currentPrice": "current price Now $6.96",
    "pricePerOz": "$14.98",
    "pickup": "Pickup today",
    "delivery": "Delivery today",
    "shipping": "Shipping, arrives in 3+ days"
  },
  {
    "ioId": "4CEHWVSSVXSW",
    "linkIdentifier": "662571302",
    "text": "Pure Balance Chicken & Brown Rice Recipe Dry Dog Food, 30 lbs",
    "href": "/ip/Pure-Balance-Chicken-Brown-Rice-Recipe-Dry-Dog-Food-30-lbs/662571302?classType=VARIANT&selectedSellerId=0",
    "currentPrice": "current price $41.68",
    "pricePerOz": "$1.39/lb",
    "pickup": "Free shipping, arrives in 3+ days",
    "delivery": "N/A",
    "shipping": "N/A"
  },
  {
    "ioId": "4PK1PR7RX78N",
    "linkIdentifier": "44187544",
    "text": "O-Cedar EasyWring Spin Mop & Bucket System",
    "href": "/ip/O-Cedar-EasyWring-Spin-Mop-Bucket-System/44187544?classType=REGULAR&selectedSellerId=0",
    "currentPrice": "current price $34.96",
    "pricePerOz": "N/A",
    "pickup": "Pickup today",
    "delivery": "Delivery today",
    "shipping": "Shipping, arrives tomorrow"
  },
  {
    "ioId": "1BGEZS5G6BH7",
    "linkIdentifier": "128705473",
    "text": "EnviroLog Indoor and Outdoor Fire Wood, 4.3 lb Firelogs, 6 Count",
    "href": "/ip/Enviro-Log-Indoor-and-Outdoor-Fire-Wood-4-3-lb-Firelogs-25-8-lbs-6-Count/128705473?classType=VARIANT&selectedSellerId=0",
    "currentPrice": "current price $18.84",
    "pricePerOz": "N/A",
    "pickup": "Pickup today",
    "delivery": "Delivery today",
    "shipping": "Shipping, arrives tomorrow"
  },
  {
    "ioId": "3RFIVGG7PUGO",
    "linkIdentifier": "905384759",
    "text": "Pampers Easy Ups Bluey Potty Training Pants Boys Size 4T-5T, 66 Count (Select for More Options)",
    "href": "/ip/Pampers-Easy-Ups-Bluey-Training-Pants-Toddler-Boys-Size-4T-5T-66-Count-Select-for-More-Options/905384759?classType=VARIANT&selectedSellerId=0",
    "currentPrice": "current price $29.97",
    "pricePerOz": "45.4 ¢/count",
    "pickup": "Pickup today",
    "delivery": "Delivery today",
    "shipping": "Shipping, arrives tomorrow"
  },
  {
    "ioId": "42AVDBLHD79H",
    "linkIdentifier": "40703590",
    "text": "Crock-Pot® Manual 7-Quart Slow Cooker, Black",
    "href": "/ip/Crock-Pot-Manual-7-Quart-Slow-Cooker-Black/40703590?classType=VARIANT&athbdg=L1300&selectedSellerId=0",
    "currentPrice": "current price Now $26.68",
    "pricePerOz": "$29.68",
    "pickup": "Pickup today",
    "delivery": "Delivery today",
    "shipping": "Shipping, arrives tomorrow"
  },
  {
    "ioId": "0VL5B5FY1KMQ",
    "linkIdentifier": "756351933",
    "text": "Tide PODS® Liquid Laundry Detergent Pacs, Original Scent, 42 Count",
    "href": "/ip/Tide-PODS-Liquid-Laundry-Detergent-Pacs-Original-Scent-42-Count/756351933?classType=VARIANT&selectedSellerId=0",
    "currentPrice": "current price $12.97",
    "pricePerOz": "36.0 ¢/oz",
    "pickup": "Pickup today",
    "delivery": "Delivery today",
    "shipping": "Shipping, arrives tomorrow"
  },
  {
    "ioId": "7971C4892EW4",
    "linkIdentifier": "11072154789",
    "text": "Time and Tru Women’s and Women’s Plus Zip Up Fleece Jacket with Hood, Sizes XS-4X",
    "href": "/ip/TT-FULL-ZIP-FLEECE/11072154789?classType=VARIANT&selectedSellerId=0",
    "currentPrice": "current price $13.00",
    "pricePerOz": "N/A",
    "pickup": "Pickup today",
    "delivery": "Delivery today",
    "shipping": "Shipping, arrives tomorrow"
  },
  {
    "ioId": "24WLFIWHCJJD",
    "linkIdentifier": "1426559824",
    "text": "Bounty Paper Towels Select-a-Size, 10 Triple Rolls",
    "href": "/ip/Bounty-Select-a-Size-Paper-Towels-10-Triple-Rolls-White/1426559824?classType=REGULAR&selectedSellerId=0",
    "currentPrice": "current price $29.12",
    "pricePerOz": "$2.16/100 ct",
    "pickup": "Pickup today",
    "delivery": "Delivery today",
    "shipping": "Shipping, arrives tomorrow"
  },
  {
    "ioId": "219FP5ZWSC55",
    "linkIdentifier": "387911314",
    "text": "Better Homes & Gardens 18oz Salted Coconut Mahogany Scented 2-Wick Bell Jar Candle",
    "href": "/ip/Better-Homes-Gardens-18oz-Salted-Coconut-Mahogany-Scented-2-Wick-Frosted-Bell-Jar-Candle/387911314?classType=VARIANT&selectedSellerId=0",
    "currentPrice": "current price $12.16",
    "pricePerOz": "67.6 ¢/oz",
    "pickup": "Pickup today",
    "delivery": "Delivery today",
    "shipping": "Shipping, arrives tomorrow"
  },
  {
    "ioId": "1QUG2AGKPNK4",
    "linkIdentifier": "260704037",
    "text": "Cosco Kids Finale 2-in-1 Booster Car Seat, Fiberwave, Toddler, Unisex",
    "href": "/ip/Cosco-Kids-Finale-2-in-1-Booster-Car-Seat-Fiberwave-Toddler/260704037?classType=VARIANT&athbdg=L1300&selectedSellerId=0",
    "currentPrice": "current price Now $49.97",
    "pricePerOz": "$59.00",
    "pickup": "Free pickup today",
    "delivery": "Delivery today",
    "shipping": "Free shipping, arrives tomorrow"
  },
  {
    "ioId": "71M2AYC46CDE",
    "linkIdentifier": "16486706",
    "text": "Anchor Hocking Glass Heritage Jar, 1 gal",
    "href": "/ip/Anchor-Hocking-Heritage-Hill-1-Gal-Jar-with-Lid/16486706?classType=VARIANT&selectedSellerId=0",
    "currentPrice": "current price $9.48",
    "pricePerOz": "N/A",
    "pickup": "Pickup today",
    "delivery": "Delivery today",
    "shipping": "Shipping, arrives tomorrow"
  },
  {
    "ioId": "63LT48QQA1R8",
    "linkIdentifier": "49292906",
    "text": "Tide PODS Laundry Detergent Packs, Original Scent, 16 Count",
    "href": "/ip/Tide-PODS-Liquid-Laundry-Detergent-Original-Scent-HE-Compatible-16-Count/49292906?classType=VARIANT&selectedSellerId=0",
    "currentPrice": "current price $5.44",
    "pricePerOz": "38.9 ¢/oz",
    "pickup": "Pickup today",
    "delivery": "Delivery today",
    "shipping": "N/A"
  },
  {
    "ioId": "5U3WRNXI1LC3",
    "linkIdentifier": "403883634",
    "text": "MS 11x14 Front Loading Wall Picture Frame, Black",
    "href": "/ip/MS-11x14-Front-Loading-Wall-Picture-Frame-Black/403883634?classType=VARIANT&selectedSellerId=0",
    "currentPrice": "current price $3.62",
    "pricePerOz": "N/A",
    "pickup": "Pickup today",
    "delivery": "Delivery today",
    "shipping": "N/A"
  },
  {
    "ioId": "5E343KBPULSL",
    "linkIdentifier": "776840591",
    "text": "Beech-Nut Veggies Stage 2 Baby Food Variety Pack, 3.5 oz Pouch (9 Pack)",
    "href": "/ip/Beech-Nut-Veggies-Stage-2-Baby-Food-Variety-Pack-3-5-oz-Pouch-9-Pack/776840591?classType=REGULAR&selectedSellerId=0",
    "currentPrice": "current price $11.53",
    "pricePerOz": "36.6 ¢/oz",
    "pickup": "Pickup at a nearby store",
    "delivery": "Shipping, arrives tomorrow",
    "shipping": "N/A"
  },
  {
    "ioId": "79SASP4NBLIK",
    "linkIdentifier": "324934715",
    "text": "Wrangler ® Men’s Outdoor All Terrain Cargo Pant with UPF 50+ Protection",
    "href": "/ip/Wrangler-Men-s-and-Big-Men-s-Outdoor-Performance-Zip-Cargo-Pant/324934715?classType=VARIANT&selectedSellerId=0",
    "currentPrice": "current price $26.98",
    "pricePerOz": "N/A",
    "pickup": "Pickup today",
    "delivery": "Delivery today",
    "shipping": "Shipping, arrives tomorrow"
  },
  {
    "ioId": "3QJSXD7DBHPK",
    "linkIdentifier": "291249875",
    "text": "Dove Pampering Long Lasting Gentle Body Wash, Shea Butter and Vanilla, 30 fl oz",
    "href": "/ip/Dove-Shea-Butter-34oz-Pump-Body-Wash/291249875?classType=VARIANT&selectedSellerId=0",
    "currentPrice": "current price $9.97",
    "pricePerOz": "32.6 ¢/fl oz",
    "pickup": "Pickup today",
    "delivery": "Delivery today",
    "shipping": "Shipping, arrives tomorrow"
  },
  {
    "ioId": "5K66FY5XU7CZ",
    "linkIdentifier": "879353846",
    "text": "Wrangler Men's and Big Men's Relaxed Fit Cargo Pants With Stretch",
    "href": "/ip/Wrangler-Men-s-and-Big-Men-s-Relaxed-Fit-Cargo-Pants-With-Stretch/879353846?classType=VARIANT&selectedSellerId=0",
    "currentPrice": "current price $22.98",
    "pricePerOz": "N/A",
    "pickup": "Shipping, arrives in 3+ days",
    "delivery": "N/A",
    "shipping": "N/A"
  },
  {
    "ioId": "6EDYIHSY2OQV",
    "linkIdentifier": "21156237",
    "text": "Huggies Aloe & Vitamin E Baby Wipes for Sensitive Skin, Unscented, 1 Flip-Top Pack, (176 Wipes)",
    "href": "/ip/Huggies-Natural-Care-Baby-Wipes-Disposable-Soft-Pack-Unscented-Hypoallergenic-Aloe-and-Vitamin-E/21156237?classType=VARIANT&selectedSellerId=0",
    "currentPrice": "current price $2.27",
    "pricePerOz": "$4.05/100 ct",
    "pickup": "Pickup today",
    "delivery": "Delivery today",
    "shipping": "N/A"
  },
  {
    "ioId": "73VKMPH43L7T",
    "linkIdentifier": "890032075",
    "text": "Wrangler Men's and Big Men's Relaxed Fit Jeans with Flex",
    "href": "/ip/Wrangler-Men-s-and-Big-Men-s-Relaxed-Fit-Jeans-with-Flex/890032075?classType=VARIANT&selectedSellerId=0",
    "currentPrice": "current price $19.98",
    "pricePerOz": "N/A",
    "pickup": "Pickup today",
    "delivery": "Delivery today",
    "shipping": "Shipping, arrives tomorrow"
  },
  {
    "ioId": "29I9G1ND3LOL",
    "linkIdentifier": "598784863",
    "text": "Colgate Optic White Advanced Hydrogen Peroxide Whitening Toothpaste, 3.2 oz Tube",
    "href": "/ip/Colgate-Optic-White-Advanced-Hydrogen-Peroxide-Toothpaste-Sparkling-White-3-2-oz/598784863?classType=REGULAR&selectedSellerId=0",
    "currentPrice": "current price $5.96",
    "pricePerOz": "$1.86/oz",
    "pickup": "Pickup today",
    "delivery": "Delivery today",
    "shipping": "Shipping, arrives tomorrow"
  },
  {
    "ioId": "2V5B7D9JD4VS",
    "linkIdentifier": "559030911",
    "text": "Wonder Nation Boys Kid Tough T-Shirt, Sizes XS-XXL and Husky",
    "href": "/ip/Wonder-Nation-Boys-Kid-Tough-Short-Sleeve-Crewneck-T-Shirt-Sizes-4-18-Husky/559030911?classType=VARIANT&selectedSellerId=0",
    "currentPrice": "current price $3.98",
    "pricePerOz": "N/A",
    "pickup": "Pickup today",
    "delivery": "Delivery today",
    "shipping": "Shipping, arrives tomorrow"
  },
  {
    "ioId": "0V96412Y05KY",
    "linkIdentifier": "113888326",
    "text": "Dial Antibacterial Deodorant Bar Soap, Advanced Clean, Gold, 4 oz, 4 Bars",
    "href": "/ip/Dial-Antibacterial-Deodorant-Bar-Soap-Advanced-Clean-Gold-4-oz-4-Bars/113888326?classType=REGULAR&selectedSellerId=0",
    "currentPrice": "current price $4.48",
    "pricePerOz": "28.0 ¢/oz",
    "pickup": "Pickup today",
    "delivery": "Delivery today",
    "shipping": "Shipping, arrives tomorrow"
  },
  {
    "ioId": "26LAGXAYOJEO",
    "linkIdentifier": "320337289",
    "text": "Mainstays 13 Gallon Trash Can, Plastic Swing Top Kitchen Garbage Trash Can, Black",
    "href": "/ip/Mainstays-13-Gallon-Trash-Can-Plastic-Swing-Top-Kitchen-Garbage-Trash-Can-Black/320337289?classType=VARIANT&selectedSellerId=0",
    "currentPrice": "current price Now $12.93",
    "pricePerOz": "$14.98",
    "pickup": "Pickup at a nearby store",
    "delivery": "Shipping, arrives tomorrow",
    "shipping": "N/A"
  },
  {
    "ioId": "5H1T1WARZZNP",
    "linkIdentifier": "10898692",
    "text": "Degree Men Original Antiperspirant Deodorant for Men Cool Rush Twin Pack, 2.7oz",
    "href": "/ip/Degree-Long-Lasting-Men-s-Antiperspirant-Deodorant-Stick-Twin-Pack-Cool-Rush-2-7-oz/10898692?classType=REGULAR&selectedSellerId=0",
    "currentPrice": "current price $6.27",
    "pricePerOz": "$1.16/oz",
    "pickup": "Pickup today",
    "delivery": "Delivery today",
    "shipping": "Shipping, arrives tomorrow"
  },
  {
    "ioId": "2XACXOUD6ZW6",
    "linkIdentifier": "35032102",
    "text": "Wrangler Rustler Men's and Big Men's Regular Fit Jeans",
    "href": "/ip/Wrangler-Rustler-Men-s-and-Big-Men-s-Regular-Fit-Jeans/35032102?classType=VARIANT&selectedSellerId=0",
    "currentPrice": "current price $13.98",
    "pricePerOz": "N/A",
    "pickup": "Pickup at a nearby store",
    "delivery": "Shipping, arrives tomorrow",
    "shipping": "N/A"
  },
  {
    "ioId": "53GV5ECCXM12",
    "linkIdentifier": "170080721",
    "text": "Colgate Extra Clean Full Head Adult Manual Toothbrush, Soft, 4 Pack",
    "href": "/ip/Colgate-Extraclean-Extra-Clean-Tb-Cs-Mu-Fhs/170080721?classType=VARIANT&selectedSellerId=0",
    "currentPrice": "current price $2.96",
    "pricePerOz": "74.0 ¢/ea",
    "pickup": "Pickup today",
    "delivery": "Delivery today",
    "shipping": "N/A"
  },
  {
    "ioId": "2V2Z3JFK1ZYD",
    "linkIdentifier": "701236486",
    "text": "George Men's and Big Men's 100% Cotton Regular Fit Jeans",
    "href": "/ip/George-Men-s-and-Big-Men-s-100-Cotton-Regular-Fit-Jeans/701236486?classType=VARIANT&selectedSellerId=0",
    "currentPrice": "current price $12.98",
    "pricePerOz": "N/A",
    "pickup": "Pickup today",
    "delivery": "Delivery today",
    "shipping": "Shipping, arrives tomorrow"
  },
  {
    "ioId": "1D7P9GDSXMQJ",
    "linkIdentifier": "423259576",
    "text": "Great Value Disinfecting Wipes, 300 Count, 4 Pack",
    "href": "/ip/Great-Value-Disinfecting-Wipes-4-Pack-300-Total-Wipes/423259576?classType=REGULAR&selectedSellerId=0",
    "currentPrice": "current price $12.58",
    "pricePerOz": "$4.19/100 ct",
    "pickup": "Pickup at a nearby store",
    "delivery": "Shipping, arrives tomorrow",
    "shipping": "N/A"
  },
  {
    "ioId": "1PJXK0BUF308",
    "linkIdentifier": "55505833",
    "text": "Mainstays 1\" Cordless Vinyl Room Darkening Blinds, White, 31\"W x 72\"L",
    "href": "/ip/Mainstays-1-Cordless-Room-Darkening-Vinyl-Blinds-31-Width-x-72-Length-White/55505833?classType=VARIANT&selectedSellerId=0",
    "currentPrice": "current price $19.98",
    "pricePerOz": "N/A",
    "pickup": "N/A",
    "delivery": "N/A",
    "shipping": "N/A"
  },
  {
    "ioId": "414ZJFO0TXZL",
    "linkIdentifier": "251607370",
    "text": "Rachael Ray Nutrish Real Beef, Pea & Brown Rice Recipe Dry Dog Food, 40 lb. Bag",
    "href": "/ip/Rachael-Ray-Nutrish-Natural-Dry-Dog-Food-Beef-and-Brown-Rice-Recipe-40-lbs/251607370?classType=VARIANT&selectedSellerId=0",
    "currentPrice": "current price $55.00",
    "pricePerOz": "$1.38/lb",
    "pickup": "Pickup at a nearby store",
    "delivery": "N/A",
    "shipping": "N/A"
  },
  {
    "ioId": "23ISDQ06FS78",
    "linkIdentifier": "565961231",
    "text": "George Men's Flat Front Wrinkle Resistant Pants",
    "href": "/ip/George-Men-s-Flat-Front-Wrinkle-Resistant-Pants/565961231?classType=VARIANT&athbdg=L1600&selectedSellerId=0",
    "currentPrice": "current price $13.98",
    "pricePerOz": "N/A",
    "pickup": "Pickup at a nearby store",
    "delivery": "Shipping, arrives tomorrow",
    "shipping": "N/A"
  },
  {
    "ioId": "3B89REMILZ39",
    "linkIdentifier": "901978154",
    "text": "Dawn Powerwash Spray Refill, Dish Soap, Dishwashing Liquid, Fresh, 1 Refill, 16 Fl Oz",
    "href": "/ip/Dawn-Spray-Dish-Soap-Refill-Fresh-Scent-16-fl-oz/901978154?classType=VARIANT&athbdg=L1300&selectedSellerId=0",
    "currentPrice": "current price Now $2.97",
    "pricePerOz": "$4.14",
    "pickup": "Pickup today",
    "delivery": "Delivery today",
    "shipping": "N/A"
  },
  {
    "ioId": "2W160BZ0EA9R",
    "linkIdentifier": "1655576259",
    "text": "Crossmax CT-1 All Season 215/55R17 94V Passenger Tire",
    "href": "/ip/Crossmax-215-55R17-94V-CT-1-All-Season-Tire/1655576259?classType=REGULAR&athbdg=L1300&selectedSellerId=0",
    "currentPrice": "current price Now $60.00",
    "pricePerOz": "$79.63",
    "pickup": "Free pickup in 3+ days",
    "delivery": "Free shipping, arrives in 3+ days",
    "shipping": "N/A"
  },
  {
    "ioId": "3HA3MICVTFMD",
    "linkIdentifier": "51341737",
    "text": "Dixie Everyday Disposable Paper Plates, 8.5\", Multi-Color, 100 Count",
    "href": "/ip/Dixie-Everyday-Paper-Plates-100-count/51341737?classType=VARIANT&selectedSellerId=0",
    "currentPrice": "current price $6.28",
    "pricePerOz": "$6.28/100 ct",
    "pickup": "Pickup today",
    "delivery": "Delivery today",
    "shipping": "Shipping, arrives tomorrow"
  },
  {
    "ioId": "5R0DDR0EGA8W",
    "linkIdentifier": "5438258225",
    "text": "Owala FreeSip SS 24oz Navy",
    "href": "/ip/Owala-FreeSip-SS-24oz-Navy/5438258225?classType=VARIANT&selectedSellerId=0",
    "currentPrice": "current price $29.94",
    "pricePerOz": "$1.25/fl oz",
    "pickup": "Pickup today",
    "delivery": "Delivery today",
    "shipping": "Shipping, arrives tomorrow"
  },
  {
    "ioId": "6TKXRHAJV1C2",
    "linkIdentifier": "908709285",
    "text": "Dawn Platinum EZ-Squeeze Dish Soap Liquid, Dishwashing Liquid, Grease Removal, Fresh Rain, 18oz",
    "href": "/ip/Dawn-EZ-Squeeze-Platinum-Dish-Washing-Liquid-Dish-Soap-Refreshing-Rain-Scent-18-0-fl-oz/908709285?classType=REGULAR&selectedSellerId=0",
    "currentPrice": "current price $4.44",
    "pricePerOz": "24.7 ¢/fl oz",
    "pickup": "Pickup today",
    "delivery": "Delivery today",
    "shipping": "Shipping, arrives tomorrow"
  },
  {
    "ioId": "2SIKHA8PY6L1",
    "linkIdentifier": "43330082",
    "text": "CAP Barbell, 10lb Coated Rubber Hex Dumbbell, Pair",
    "href": "/ip/CAP-Barbell-10lb-Coated-Rubber-Hex-Dumbbell-Pair/43330082?classType=VARIANT&athbdg=L1600&selectedSellerId=0",
    "currentPrice": "current price $24.47",
    "pricePerOz": "N/A",
    "pickup": "Shipping, arrives in 3+ days",
    "delivery": "N/A",
    "shipping": "N/A"
  },
  {
    "ioId": "3LA0ZH3GDHV4",
    "linkIdentifier": "27419881",
    "text": "ARM & HAMMER Carpet Odor Eliminator, Extra Strength, 30 oz.",
    "href": "/ip/Arm-Hammer-Extra-Strength-Carpet-Odor-Eliminator-30-oz/27419881?classType=REGULAR&athbdg=L1600&selectedSellerId=0",
    "currentPrice": "current price $2.58",
    "pricePerOz": "8.6 ¢/oz",
    "pickup": "Pickup today",
    "delivery": "Delivery today",
    "shipping": "N/A"
  },
  {
    "ioId": "3UFUCTIFJTZM",
    "linkIdentifier": "816383789",
    "text": "Wrangler Men's and Big Men's Stretch Cargo Shorts",
    "href": "/ip/Wrangler-Men-s-and-Big-Men-s-Stretch-Cargo-Shorts/816383789?classType=VARIANT&athbdg=L1600&selectedSellerId=0",
    "currentPrice": "current price $19.98",
    "pricePerOz": "N/A",
    "pickup": "Pickup at a nearby store",
    "delivery": "Shipping, arrives tomorrow",
    "shipping": "N/A"
  },
  {
    "ioId": "1MC3CXB85MQ5",
    "linkIdentifier": "15610708",
    "text": "Scott 1000 Toilet Paper, 4 Rolls, 1,000 Sheets per Roll",
    "href": "/ip/Scott-Bathroom-Tissue-4-count/15610708?classType=REGULAR&athbdg=L1600&selectedSellerId=0",
    "currentPrice": "current price $5.22",
    "pricePerOz": "13.1 ¢/100 ct",
    "pickup": "Pickup today",
    "delivery": "Delivery today",
    "shipping": "N/A"
  },
  {
    "ioId": "53SLKEKYRZA8",
    "linkIdentifier": "5969633",
    "text": "Lodge Cast Iron Seasoned 12\" Skillet",
    "href": "/ip/Lodge-Logic-12-Cast-Iron-Skillet/5969633?classType=VARIANT&athbdg=L1600&selectedSellerId=0",
    "currentPrice": "current price Now $24.92",
    "pricePerOz": "$39.50",
    "pickup": "Pickup at a nearby store",
    "delivery": "Shipping, arrives tomorrow",
    "shipping": "N/A"
  },
  {
    "ioId": "7CCUR4Y88JD4",
    "linkIdentifier": "42417847",
    "text": "Persil Intense Fresh Everyday Clean Liquid Laundry Detergent, 150 Fluid Ounces, 96 Loads",
    "href": "/ip/Persil-ProClean-Power-Liquid-Intense-Fresh-Liquid-Laundry-Detergent-150-fl-oz/42417847?classType=VARIANT&selectedSellerId=0",
    "currentPrice": "current price $19.97",
    "pricePerOz": "13.3 ¢/fl oz",
    "pickup": "Pickup today",
    "delivery": "Delivery today",
    "shipping": "Shipping, arrives tomorrow"
  },
  {
    "ioId": "77E96V134VTU",
    "linkIdentifier": "1117233285",
    "text": "Gildan Men's Boxer Briefs, 3-Pack",
    "href": "/ip/Gildan-Men-s-Boxer-Briefs-3-Pack/1117233285?classType=VARIANT&selectedSellerId=0",
    "currentPrice": "current price $9.98",
    "pricePerOz": "$3.33/ea",
    "pickup": "Shipping, arrives tomorrow",
    "delivery": "N/A",
    "shipping": "N/A"
  },
  {
    "ioId": "2CYSIKLY97RY",
    "linkIdentifier": "704701720",
    "text": "Pampers Aqua Pure Baby Wipes Unscented, 99% Water, 8 Pack, 448 Total Count (Select for More Options)",
    "href": "/ip/Pampers-Aqua-Pure-Baby-Wipes-99-water-Unscented-8-Pack-448-Wipes-Select-for-More-Options/704701720?classType=VARIANT&selectedSellerId=0",
    "currentPrice": "current price $23.47",
    "pricePerOz": "$5.24/100 ct",
    "pickup": "Pickup today",
    "delivery": "Delivery today",
    "shipping": "Shipping, arrives tomorrow"
  },
  {
    "ioId": "34FP3BUCW3IS",
    "linkIdentifier": "5392312957",
    "text": "(2 pack) Hyper Tough 45 Gallon Wheeled Heavy Duty Plastic Garbage Can, Attached Lid, Black",
    "href": "/ip/Hyper-Tough-45-Gallon-Wheeled-Heavy-Duty-Plastic-Garbage-Can-Attached-Lid-Black/5392312957?classType=VARIANT&selectedSellerId=0",
    "currentPrice": "current price $59.92",
    "pricePerOz": "$29.96/ea",
    "pickup": "Pickup at a nearby store",
    "delivery": "Free shipping, arrives tomorrow",
    "shipping": "N/A"
  },
  {
    "ioId": "6FFLVOJ9125F",
    "linkIdentifier": "808926769",
    "text": "Equate Women's 5 Blade Disposable Razors, 3 Count",
    "href": "/ip/Equate-Women-s-5-Blade-Disposable-Razors-3-Count/808926769?classType=VARIANT&selectedSellerId=0",
    "currentPrice": "current price $5.74",
    "pricePerOz": "$1.91/count",
    "pickup": "Pickup today",
    "delivery": "Delivery today",
    "shipping": "Shipping, arrives tomorrow"
  },
  {
    "ioId": "4RACFVMNN1YF",
    "linkIdentifier": "17203827",
    "text": "Hyper Tough 32 Gallon Heavy Duty Plastic Garbage Can, Included Lid, Indoor/Outdoor, Black",
    "href": "/ip/Hyper-Tough-32-Gallon-Heavy-Duty-Plastic-Garbage-Can-Included-Lid-Indoor-Outdoor-Black/17203827?classType=VARIANT&selectedSellerId=0",
    "currentPrice": "current price $19.97",
    "pricePerOz": "N/A",
    "pickup": "Pickup today",
    "delivery": "Delivery today",
    "shipping": "Shipping, arrives tomorrow"
  },
  {
    "ioId": "1BSW8H2Y6PUN",
    "linkIdentifier": "10533200",
    "text": "Garnier Nutrisse Nourishing Hair Color Creme, 030 Darkest Brown Sweet Cola",
    "href": "/ip/Garnier-Nutrisse-Haircolor/10533200?classType=VARIANT&selectedSellerId=0",
    "currentPrice": "current price $8.78",
    "pricePerOz": "N/A",
    "pickup": "Pickup today",
    "delivery": "Delivery today",
    "shipping": "Shipping, arrives tomorrow"
  },
  {
    "ioId": "14TQ7TVHH6ZZ",
    "linkIdentifier": "356632780",
    "text": "Athletic Works Men's and Men's Big Knit Jogger, Sizes S-3XL",
    "href": "/ip/Athletic-Works-Men-s-and-Big-Men-s-Knit-Joggers-Sizes-S-5XL/356632780?classType=VARIANT&selectedSellerId=0",
    "currentPrice": "current price $11.98",
    "pricePerOz": "N/A",
    "pickup": "Pickup at a nearby store",
    "delivery": "Shipping, arrives tomorrow",
    "shipping": "N/A"
  },
  {
    "ioId": "2XI6YIM9QGIG",
    "linkIdentifier": "464598532",
    "text": "Gain Liquid Laundry Detergent, Original Scent, 32 Loads, 46 fl oz, HE Compatible",
    "href": "/ip/Gain-Liquid-Laundry-Detergent-Original-Scent-32-Loads-46-fl-oz-HE-Compatible/464598532?classType=VARIANT&selectedSellerId=0",
    "currentPrice": "current price $5.44",
    "pricePerOz": "11.8 ¢/fl oz",
    "pickup": "Pickup today",
    "delivery": "Delivery today",
    "shipping": "N/A"
  },
  {
    "ioId": "4NMJ3QGTQ4F9",
    "linkIdentifier": "562316854",
    "text": "Goodyear Reliant All-Season 235/45R18 94V All-Season Tire Fits: 2010-12 Nissan Altima SR, 2013-14 Honda Accord Sport",
    "href": "/ip/Goodyear-Reliant-All-Season-235-45R18-94V-All-Season-Tire/562316854?classType=REGULAR&athbdg=L1300&selectedSellerId=0",
    "currentPrice": "current price Now $112.00",
    "pricePerOz": "$125.00",
    "pickup": "Free pickup today",
    "delivery": "Free shipping, arrives in 3+ days",
    "shipping": "N/A"
  },
  {
    "ioId": "4PJXNE0X38WH",
    "linkIdentifier": "1777368291",
    "text": "Gain +Odor Defense Liquid Laundry Detergent, Super Fresh Blast Scent, 88 fl oz, 61 Loads",
    "href": "/ip/Gain-Odor-Defense-Liquid-Laundry-Detergent-Super-Fresh-Blast-Scent-88-fl-oz-61-Loads/1777368291?classType=VARIANT&selectedSellerId=0",
    "currentPrice": "current price $9.94",
    "pricePerOz": "11.3 ¢/fl oz",
    "pickup": "Pickup today",
    "delivery": "Delivery today",
    "shipping": "Shipping, arrives tomorrow"
  },
  {
    "ioId": "2KQPGAYSSXES",
    "linkIdentifier": "553966069",
    "text": "Intex 15\" Queen Essential Rest Dura-Beam Airbed Mattress with Built in Pump",
    "href": "/ip/Intex-15-Essential-Rest-Dura-Beam-Airbed-Mattress-with-Internal-Pump-Included-QUEEN/553966069?classType=VARIANT&selectedSellerId=0",
    "currentPrice": "current price Now $49.97",
    "pricePerOz": "$59.99",
    "pickup": "Free pickup today",
    "delivery": "Delivery today",
    "shipping": "Free shipping, arrives tomorrow"
  },
  {
    "ioId": "1IM1BT5GOHLK",
    "linkIdentifier": "496077490",
    "text": "Hefty Strong Large Trash Bags, Black, 30 gallon, 40 Count",
    "href": "/ip/Hefty-Strong-Large-Trash-Bags-30-Gallon-40-Count/496077490?classType=VARIANT&selectedSellerId=0",
    "currentPrice": "current price $12.98",
    "pricePerOz": "32.5 ¢/count",
    "pickup": "Pickup today",
    "delivery": "Delivery today",
    "shipping": "Shipping, arrives tomorrow"
  },
  {
    "ioId": "6R4MRH9DCQ5I",
    "linkIdentifier": "332982479",
    "text": "Pen+Gear Copy Paper, 8.5\" x 11\", 92 Bright, White, 20 lb., 3 Ream Case (1,500 Sheets)",
    "href": "/ip/Pen-Gear-Copy-Paper-8-5-x-11-92-Bright-White-20-lb-3-Ream-Case-1-500-Sheets/332982479?classType=REGULAR&selectedSellerId=0",
    "currentPrice": "current price $17.17",
    "pricePerOz": "1.1 ¢/ea",
    "pickup": "Pickup today",
    "delivery": "Delivery today",
    "shipping": "N/A"
  },
  {
    "ioId": "2P0FT96CBYUX",
    "linkIdentifier": "21186532",
    "text": "Dove Original Deep Moisturizing Beauty Bar Soap, Unscented, 3.75 oz (8 Bars)",
    "href": "/ip/Dove-White-Beauty-Bar-4-oz-8-Bar/21186532?classType=VARIANT&selectedSellerId=0",
    "currentPrice": "current price $11.97",
    "pricePerOz": "39.9 ¢/oz",
    "pickup": "Pickup today",
    "delivery": "Delivery today",
    "shipping": "Shipping, arrives tomorrow"
  },
  {
    "ioId": "62GZE17OXLDZ",
    "linkIdentifier": "1830729615",
    "text": "Douglas Touring A/S 225/65R17 102H All-Season Tire",
    "href": "/ip/Douglas-Touring-A-S-225-65R17-102H-All-Season-Tire/1830729615?classType=VARIANT&selectedSellerId=0",
    "currentPrice": "current price $84.00",
    "pricePerOz": "N/A",
    "pickup": "Free pickup today",
    "delivery": "Free shipping, arrives in 3+ days",
    "shipping": "N/A"
  },
  {
    "ioId": "3RG4FPT4H9KN",
    "linkIdentifier": "43172984",
    "text": "Gain Fabric Softener Dryer Sheets, Original Scent, 240 Count",
    "href": "/ip/Gain-Original-Dryer-Sheets-240-count/43172984?classType=VARIANT&selectedSellerId=102665663",
    "currentPrice": "current price Now $7.75",
    "pricePerOz": "$19.16",
    "pickup": "Free shipping, arrives in 3+ days",
    "delivery": "N/A",
    "shipping": "N/A"
  },
  {
    "ioId": "5LIZHLXSCGAS",
    "linkIdentifier": "790046222",
    "text": "BestOffice 4 Shelf Wire Shelving,Height Adjustable Metal Shelving,for 1000 LBS Capacity,Chrome",
    "href": "/ip/BestOffice-4-Shelf-Wire-Shelving-Height-Adjustable-Metal-Shelving-for-1000-LBS-Capacity-Chrome/790046222?classType=VARIANT&athbdg=L1900&selectedSellerId=7688",
    "currentPrice": "current price Now $40.98",
    "pricePerOz": "$119.98",
    "pickup": "Free shipping, arrives in 2 days",
    "delivery": "N/A",
    "shipping": "N/A"
  },
  {
    "ioId": "6K5XZHM1S6IR",
    "linkIdentifier": "10311660",
    "text": "Colgate 360 Whole Mouth Clean Adult Manual Toothbrush, Soft, 2 Pack",
    "href": "/ip/Colgate-Orange-And-Blue-Soft-Super-Value-1-ct/10311660?classType=VARIANT&selectedSellerId=0",
    "currentPrice": "current price $6.26",
    "pricePerOz": "$3.13/ea",
    "pickup": "Pickup today",
    "delivery": "Delivery today",
    "shipping": "Shipping, arrives tomorrow"
  },
  {
    "ioId": "27E9S2YF7KDD",
    "linkIdentifier": "207501039",
    "text": "Time and Tru Women's High Rise Curvy Skinny Jeans, 27\" and 29\" Inseams, Sizes 0-22",
    "href": "/ip/Time-and-Tru-Women-s-High-Rise-Curvy-Jeans-29-Inseam-for-Regular-Sizes-4-22/207501039?classType=VARIANT&selectedSellerId=0",
    "currentPrice": "current price $17.98",
    "pricePerOz": "N/A",
    "pickup": "Pickup today",
    "delivery": "Delivery today",
    "shipping": "Shipping, arrives tomorrow"
  },
  {
    "ioId": "2MZZHB3ONVV1",
    "linkIdentifier": "51254138",
    "text": "Hefty Ultra Strong 13 gallon Trash Bags, Tall Kitchen Trash Bags, White, Citrus Twist Scent, 80 Bags",
    "href": "/ip/Hefty-Ultra-Strong-Citrus-Twist-Tall-Kitchen-Drawstring-Trash-Bags-13-gal-80-count/51254138?classType=VARIANT&athbdg=L1300&selectedSellerId=0",
    "currentPrice": "current price Now $12.57",
    "pricePerOz": "$15.72",
    "pickup": "Pickup today",
    "delivery": "Delivery today",
    "shipping": "Shipping, arrives tomorrow"
  },
  {
    "ioId": "2CWRKG811TJV",
    "linkIdentifier": "637",
    "text": "Wrangler Men's and Big Men's Relaxed Fit Jeans",
    "href": "/ip/Wrangler-Men-s-and-Big-Men-s-Relaxed-Fit-Jeans/637?classType=VARIANT&selectedSellerId=0",
    "currentPrice": "current price $10.44",
    "pricePerOz": "N/A",
    "pickup": "Shipping, arrives in 3+ days",
    "delivery": "N/A",
    "shipping": "N/A"
  },
  {
    "ioId": "7G5GCMAYBW8X",
    "linkIdentifier": "10317279",
    "text": "Freshpet Healthy & Natural Dog Food, Fresh Beef Roll, 6lb",
    "href": "/ip/Fresh-Pet-Select-Brand-Dog-Food-Adult-Dogs-with-Beef-Vegetable-Rice-Recipe-Dog-Food-6-Lb-Dogs/10317279?classType=VARIANT&selectedSellerId=0",
    "currentPrice": "current price $17.46",
    "pricePerOz": "18.2 ¢/oz",
    "pickup": "Pickup today",
    "delivery": "Delivery today",
    "shipping": "N/A"
  },
  {
    "ioId": "5UHDOKZFR4MB",
    "linkIdentifier": "169502621",
    "text": "Igloo 48 QT Laguna Ice Chest Cooler, Red",
    "href": "/ip/Igloo-48-QT-Laguna-Ice-Chest-Cooler-Red/169502621?classType=VARIANT&selectedSellerId=0",
    "currentPrice": "current price $24.98",
    "pricePerOz": "52.0 ¢/qt",
    "pickup": "Pickup today",
    "delivery": "Delivery today",
    "shipping": "Shipping, arrives tomorrow"
  },
  {
    "ioId": "2Q8VJKSW2V1K",
    "linkIdentifier": "50621071",
    "text": "Tide PODS Laundry Detergent Packs, Spring Meadow Scent, 42 Count",
    "href": "/ip/Tide-PODS-Spring-Meadow-Scent-Laundry-Detergent-Pacs-42-count-37-oz/50621071?classType=VARIANT&selectedSellerId=0",
    "currentPrice": "current price $12.97",
    "pricePerOz": "37.1 ¢/oz",
    "pickup": "Pickup today",
    "delivery": "Delivery today",
    "shipping": "Shipping, arrives tomorrow"
  },
  {
    "ioId": "6YEK8FAJEHQZ",
    "linkIdentifier": "272374449",
    "text": "Mainstays Textured Solid Blackout Grommet Curtain Panel Pair, Set of 2, Silver Print, 37\" W x 84\" L",
    "href": "/ip/Mainstays-Textured-Print-Blackout-Grommet-Curtain-Panel-Pair-Set-of-2-Silver-Medallion-37-W-x-84-L/272374449?classType=VARIANT&selectedSellerId=0",
    "currentPrice": "current price $15.98",
    "pricePerOz": "N/A",
    "pickup": "Pickup at a nearby store",
    "delivery": "Shipping, arrives tomorrow",
    "shipping": "N/A"
  },
  {
    "ioId": "55PAG2U7MS6V",
    "linkIdentifier": "11045833",
    "text": "Bounce Fabric Softener Sheets, Outdoor Fresh, 240 Count",
    "href": "/ip/Bounce-Outdoor-Fresh-Scent-Sheets-240-ct/11045833?classType=VARIANT&selectedSellerId=0",
    "currentPrice": "current price $9.94",
    "pricePerOz": "$4.14/100 ct",
    "pickup": "Pickup today",
    "delivery": "Shipping, arrives tomorrow",
    "shipping": "N/A"
  },
  {
    "ioId": "6SA0OUTSGRGN",
    "linkIdentifier": "603114240",
    "text": "Balloon Time 9.5in Medium Helium Tank Kit with Colorful Latex Balloons, 8.9 cu ft, 30 Count",
    "href": "/ip/Balloon-Time-9-5in-Standard-Helium-Tank-Kit-with-Colorful-Latex-Balloons/603114240?classType=REGULAR&selectedSellerId=102568831",
    "currentPrice": "current price $43.99",
    "pricePerOz": "+$9.99 shipping",
    "pickup": "Shipping, arrives in 3+ days",
    "delivery": "N/A",
    "shipping": "N/A"
  },
  {
    "ioId": "6S1K9T25IGY0",
    "linkIdentifier": "2272550811",
    "text": "Downy Unstopables In-Wash Scent Booster Laundry Beads, Fresh Scent, 24 oz",
    "href": "/ip/Downy-Unstopables-Laundry-Scent-Booster-Beads-Fresh-Scent-24-oz/2272550811?classType=VARIANT&selectedSellerId=102714074",
    "currentPrice": "current price $14.99",
    "pricePerOz": "62.5 ¢/oz",
    "pickup": "Shipping, arrives in 2 days",
    "delivery": "N/A",
    "shipping": "N/A"
  },
  {
    "ioId": "1KKYLXDK2BC9",
    "linkIdentifier": "1912349115",
    "text": "Crossmax CHTS-1 Highway 225/65R17 102H SUV/Crossover Tire",
    "href": "/ip/Crossmax-225-65R17-102H-CHTS-1-All-Season-Tire/1912349115?classType=REGULAR&athbdg=L1300&selectedSellerId=0",
    "currentPrice": "current price Now $72.00",
    "pricePerOz": "$95.82",
    "pickup": "Free pickup in 3+ days",
    "delivery": "Free shipping, arrives in 3+ days",
    "shipping": "N/A"
  },
  {
    "ioId": "1XAUHD4ERUAO",
    "linkIdentifier": "2175060465",
    "text": "Downy Light In-Wash Scent Booster Laundry Beads with No Heavy Perfumes, Ocean Mist Scent, 24 oz",
    "href": "/ip/Downy-Light-Laundry-Scent-Booster-Beads-with-No-Heavy-Perfumes-Ocean-Mist-Scent-24-oz/2175060465?classType=VARIANT&athbdg=L1600&selectedSellerId=0",
    "currentPrice": "current price $15.97",
    "pricePerOz": "66.5 ¢/oz",
    "pickup": "Pickup today",
    "delivery": "Delivery today",
    "shipping": "Shipping, arrives tomorrow"
  },
  {
    "ioId": "3J264VVEKQO0",
    "linkIdentifier": "27142387",
    "text": "CAP Barbell, 5lb Coated Hex Dumbbell, Single",
    "href": "/ip/CAP-Barbell-5lb-Coated-Hex-Dumbbell-Single/27142387?classType=VARIANT&athbdg=L1600&selectedSellerId=0",
    "currentPrice": "current price $8.25",
    "pricePerOz": "N/A",
    "pickup": "Shipping, arrives in 3+ days",
    "delivery": "N/A",
    "shipping": "N/A"
  },
  {
    "ioId": "1GPD00PCF3OG",
    "linkIdentifier": "43609091",
    "text": "Dove Body Wash Sensitive Skin 34 oz",
    "href": "/ip/Dove-Unscented-Sensitive-Skin-Nourishing-Body-Wash-34-fl-oz/43609091?classType=VARIANT&athbdg=L1600&selectedSellerId=0",
    "currentPrice": "current price $9.97",
    "pricePerOz": "32.6 ¢/fl oz",
    "pickup": "Pickup today",
    "delivery": "Delivery today",
    "shipping": "Shipping, arrives tomorrow"
  },
  {
    "ioId": "6OWXY3NP9HLX",
    "linkIdentifier": "2040739179",
    "text": "Mainstays 3-Shelf Bookcase with Adjustable Shelves, White",
    "href": "/ip/Mainstays-3-Shelf-Bookcase-with-Adjustable-Shelves-White/2040739179?classType=VARIANT&athbdg=L1600&selectedSellerId=0",
    "currentPrice": "current price $24.96",
    "pricePerOz": "N/A",
    "pickup": "Pickup at a nearby store",
    "delivery": "Shipping, arrives tomorrow",
    "shipping": "N/A"
  },
  {
    "ioId": "5L5ZMMVAOLQE",
    "linkIdentifier": "451416703",
    "text": "Revlon ColorSilk Permanent Hair Color, Bond Repair Complex, 31 Dark Auburn, 1 pack",
    "href": "/ip/Revlon-Colorsilk-Beautiful-Color-Long-Lasting-Permanent-Hair-Color-031-Dark-Auburn/451416703?classType=VARIANT&athbdg=L1600&selectedSellerId=0",
    "currentPrice": "current price $5.22",
    "pricePerOz": "N/A",
    "pickup": "Pickup today",
    "delivery": "Delivery today",
    "shipping": "Shipping, arrives tomorrow"
  },
  {
    "ioId": "3BHRW7ILN99S",
    "linkIdentifier": "375041225",
    "text": "Restored Apple iPhone 12 - Fully Unlocked - 64 GB Black (Refurbished)",
    "href": "/ip/Restored-Apple-iPhone-12-Carrier-Unlocked-64GB-Black-Refurbished/375041225?classType=VARIANT&athbdg=L1600&selectedSellerId=442",
    "currentPrice": "N/A",
    "pricePerOz": "N/A",
    "pickup": "Free shipping, arrives in 3+ days",
    "delivery": "N/A",
    "shipping": "N/A"
  },
  {
    "ioId": "4KESO79LHB2A",
    "linkIdentifier": "33895099",
    "text": "Gain Flings Laundry Detergent Packs with Oxi Boost and Febreze, Original Scent, 14 Count",
    "href": "/ip/Gain-flings-Original-Detergent-Pacs-14-count-12-oz/33895099?classType=VARIANT&athbdg=L1300&selectedSellerId=0",
    "currentPrice": "current price Now $3.94",
    "pricePerOz": "$4.88",
    "pickup": "Pickup today",
    "delivery": "Delivery today",
    "shipping": "N/A"
  },
  {
    "ioId": "25OY33ZXKYAZ",
    "linkIdentifier": "17034374",
    "text": "Mobil 1 Advanced Fuel Economy Full Synthetic Motor Oil 0W-20, 5 Quart",
    "href": "/ip/Mobil-1-Advanced-Fuel-Economy-Full-Synthetic-Motor-Oil-0W-20-5-Quart/17034374?classType=VARIANT&athbdg=L1600&selectedSellerId=0",
    "currentPrice": "current price Now $27.97",
    "pricePerOz": "$38.99",
    "pickup": "Pickup today",
    "delivery": "Delivery today",
    "shipping": "Shipping, arrives tomorrow"
  },
  {
    "ioId": "43JS96T784H5",
    "linkIdentifier": "14711873",
    "text": "Lysol Power Toilet Bowl Cleaner Gel, Cleaning, Disinfecting and Stain Removal, 24 oz, 2 Pack",
    "href": "/ip/Lysol-Power-Toilet-Bowl-Cleaner-Gel-Cleaning-Disinfecting-and-Stain-Removal-24-oz-2-Pack/14711873?classType=VARIANT&selectedSellerId=0",
    "currentPrice": "current price $3.62",
    "pricePerOz": "7.5 ¢/fl oz",
    "pickup": "Pickup today",
    "delivery": "Delivery today",
    "shipping": "N/A"
  },
  {
    "ioId": "639W66NK55SX",
    "linkIdentifier": "141625418",
    "text": "Athletic Works Men's Crew Socks 12 Pack",
    "href": "/ip/Athletic-Works-Men-s-Crew-Socks-12-Pack/141625418?classType=VARIANT&selectedSellerId=0",
    "currentPrice": "current price Now $10.98",
    "pricePerOz": "$12.63",
    "pickup": "Pickup today",
    "delivery": "Delivery today",
    "shipping": "Shipping, arrives tomorrow"
  },
  {
    "ioId": "3UZ9MZJFJDM8",
    "linkIdentifier": "625527254",
    "text": "eos Shea Better Body Lotion - Vanilla Cashmere, for Dryness, 16 fl oz",
    "href": "/ip/eos-Shea-Better-Body-Lotion-for-Dry-Skin-Vanilla-Cashmere-16-fl-oz/625527254?classType=REGULAR&selectedSellerId=0",
    "currentPrice": "current price $8.98",
    "pricePerOz": "56.1 ¢/fl oz",
    "pickup": "Pickup today",
    "delivery": "Delivery today",
    "shipping": "Shipping, arrives tomorrow"
  },
  {
    "ioId": "2X1FD2YLBSK6",
    "linkIdentifier": "16661826",
    "text": "Ball Glass Mason Jar W/Lid & Band, Wide Mouth, 64 Ounces, 6 Count",
    "href": "/ip/Alltrista1-Half-Gallon-Wide-Mouth-Canning-Jars-6-Count/16661826?classType=VARIANT&selectedSellerId=0",
    "currentPrice": "current price Now $16.44",
    "pricePerOz": "$21.07",
    "pickup": "Pickup today",
    "delivery": "Delivery today",
    "shipping": "Shipping, arrives tomorrow"
  },
  {
    "ioId": "41CELTK7JS4N",
    "linkIdentifier": "755346284",
    "text": "Purina Beneful Incredibites With Farm-Raised Beef Natural Small Breed Dry Dog Food With Added Vitamins, Minerals and Nutrients, 14 lb Bag",
    "href": "/ip/Purina-Beneful-Incredibites-Dry-Dog-Food-for-Small-Dogs-High-Protein-Farm-Raised-Beef-14-lb-Bag/755346284?classType=REGULAR&selectedSellerId=0",
    "currentPrice": "current price $16.48",
    "pricePerOz": "$1.18/lb",
    "pickup": "Pickup today",
    "delivery": "Delivery today",
    "shipping": "Shipping, arrives tomorrow"
  },
  {
    "ioId": "6UBQEY7KGTC6",
    "linkIdentifier": "42388499",
    "text": "Lasko 20\" Classic Box Fan with Weather-Resistant Motor, 3 Speeds, 22.5\" H, White, B20200, New",
    "href": "/ip/Lasko-20-Classic-Box-Fan-with-Weather-Resistant-Motor-3-Speeds-22-5-H-White-B20200-New/42388499?classType=VARIANT&selectedSellerId=0",
    "currentPrice": "current price $23.37",
    "pricePerOz": "N/A",
    "pickup": "Pickup at a nearby store",
    "delivery": "Shipping, arrives tomorrow",
    "shipping": "N/A"
  },
  {
    "ioId": "3URVTEFFXKCO",
    "linkIdentifier": "750130224",
    "text": "Ziploc Sandwich Bag, Grip 'n Seal Technology, 300 Count",
    "href": "/ip/Ziploc-Sandwich-Bag-Grip-n-Seal-Technology-300-Count/750130224?classType=VARIANT&selectedSellerId=0",
    "currentPrice": "current price $11.34",
    "pricePerOz": "3.8 ¢/count",
    "pickup": "Pickup at a nearby store",
    "delivery": "Shipping, arrives tomorrow",
    "shipping": "N/A"
  },
  {
    "ioId": "6DWJ909AL9TW",
    "linkIdentifier": "42379869",
    "text": "Lasko 16” 3-Speed Adjustable Oscillating Pedestal Fan, Black, S16500 New",
    "href": "/ip/Lasko-16-Oscillating-Adjustable-Pedestal-Fan-with-3-Speeds-47-H-Black-S16500-New/42379869?classType=VARIANT&selectedSellerId=0",
    "currentPrice": "current price Now $29.97",
    "pricePerOz": "$52.00",
    "pickup": "Pickup at a nearby store",
    "delivery": "Shipping, arrives tomorrow",
    "shipping": "N/A"
  },
  {
    "ioId": "4RCCA17WZ3A1",
    "linkIdentifier": "2643230261",
    "text": "Xtra Plus OxiClean, 131 Loads Liquid Laundry Detergent, 203.1 fl oz",
    "href": "/ip/Xtra-Plus-OxiClean-131-Loads-Liquid-Laundry-Detergent-203-1-fl-oz/2643230261?classType=VARIANT&selectedSellerId=0",
    "currentPrice": "current price $9.98",
    "pricePerOz": "4.9 ¢/ea",
    "pickup": "Pickup today",
    "delivery": "Delivery today",
    "shipping": "Shipping, arrives tomorrow"
  },
  {
    "ioId": "1WYG5JYLX5U8",
    "linkIdentifier": "632742828",
    "text": "Better Homes & Gardens 2\" Cordless Faux Wood Horizontal Blinds, White, 47\" W x 64\" L",
    "href": "/ip/Better-Homes-Gardens-2-Cordless-Faux-Wood-Horizontal-Blinds-White-47x64/632742828?classType=VARIANT&selectedSellerId=0",
    "currentPrice": "current price $52.78",
    "pricePerOz": "N/A",
    "pickup": "Pickup at a nearby store",
    "delivery": "Free shipping, arrives tomorrow",
    "shipping": "N/A"
  },
  {
    "ioId": "1SYQEYRLQP56",
    "linkIdentifier": "485561419",
    "text": "Ensure Max Protein Nutrition Shake, Milk Chocolate, 11 fl oz, 12 Count",
    "href": "/ip/Ensure-Max-Protein-Nutrition-Shake-Milk-Chocolate-11-fl-oz-12-Count/485561419?classType=VARIANT&selectedSellerId=0",
    "currentPrice": "current price $32.48",
    "pricePerOz": "24.6 ¢/fl oz",
    "pickup": "Pickup today",
    "delivery": "Delivery today",
    "shipping": "Shipping, arrives tomorrow"
  },
  {
    "ioId": "2LC439HE0TX5",
    "linkIdentifier": "1971864026",
    "text": "Intex Queen Headboard Dura-Beam Deluxe Raised Air Bed Mattress with Built-in Pump - 18\" Mattress Height",
    "href": "/ip/Intex-Queen-Headboard-Dura-Beam-Deluxe-Raised-Air-Bed-Mattress-with-Built-in-Pump-18-Mattress-Height/1971864026?classType=VARIANT&athbdg=L1300&selectedSellerId=0",
    "currentPrice": "current price Now $61.93",
    "pricePerOz": "$69.00",
    "pickup": "Free pickup today",
    "delivery": "Delivery today",
    "shipping": "Free shipping, arrives tomorrow"
  },
  {
    "ioId": "669CXG33FJJC",
    "linkIdentifier": "281042661",
    "text": "Ziploc Brand Freezer Bags, School Supplies, with Grip 'n Seal Technology, Gallon, 60 Count",
    "href": "/ip/Ziploc-Brand-Freezer-Bags-with-Grip-n-Seal-Technology-Gallon-60-Count/281042661?classType=VARIANT&selectedSellerId=0",
    "currentPrice": "current price $10.82",
    "pricePerOz": "18.0 ¢/count",
    "pickup": "Pickup at a nearby store",
    "delivery": "Shipping, arrives tomorrow",
    "shipping": "N/A"
  },
  {
    "ioId": "55EU97GHUSM0",
    "linkIdentifier": "391070664",
    "text": "3-D Pet Products Premium Songbird Blend Dry Wild Bird Food, 5 lb.; 1 Pack, Does Not Contain Fillers",
    "href": "/ip/3-D-Pet-Products-Premium-Songbird-Blend-Dry-Wild-Bird-Food-5-lb-1-Pack-Does-Not-Contain-Fillers/391070664?classType=VARIANT&selectedSellerId=0",
    "currentPrice": "current price $9.94",
    "pricePerOz": "$1.99/lb",
    "pickup": "Pickup today",
    "delivery": "Delivery today",
    "shipping": "Shipping, arrives tomorrow"
  },
  {
    "ioId": "1I3GW5LDDBW9",
    "linkIdentifier": "10293684",
    "text": "Milk-Bone Original Dog Biscuits, Large Crunchy Dog Treats, 10 lbs.",
    "href": "/ip/Milk-Bone-Original-Dog-Biscuits-for-Large-sized-Dogs-10-Pound-Dogs/10293684?classType=VARIANT&selectedSellerId=0",
    "currentPrice": "current price $14.98",
    "pricePerOz": "9.4 ¢/oz",
    "pickup": "Pickup today",
    "delivery": "Delivery today",
    "shipping": "Shipping, arrives tomorrow"
  },
  {
    "ioId": "2PMW4UAVNEFD",
    "linkIdentifier": "873269",
    "text": "Hanes Men's White Crew T-Shirt Undershirts, 3 Pack",
    "href": "/ip/Hanes-Men-s-White-Crew-T-Shirt-Undershirts-3-Pack/873269?classType=VARIANT&selectedSellerId=0",
    "currentPrice": "current price Now $10.98",
    "pricePerOz": "$12.98",
    "pickup": "Pickup today",
    "delivery": "Delivery today",
    "shipping": "Shipping, arrives tomorrow"
  },
  {
    "ioId": "56H4TZWVMQS2",
    "linkIdentifier": "3842490221",
    "text": "Suavitel Liquid Fabric Softener and Conditioner, Field Flowers, 105 oz, 105 Small Loads",
    "href": "/ip/Suavitel-Liquid-Fabric-Conditioner-Laundry-Fabric-Softener-Field-Flowers-Scent-105-oz-Enough-Liquid-For-105-Small-Loads/3842490221?classType=VARIANT&selectedSellerId=0",
    "currentPrice": "current price $8.47",
    "pricePerOz": "8.1 ¢/fl oz",
    "pickup": "Pickup today",
    "delivery": "Delivery today",
    "shipping": "Shipping, arrives tomorrow"
  },
  {
    "ioId": "37X7E9YRSSDJ",
    "linkIdentifier": "45014208",
    "text": "HP 63XL High-Yield Black Original Ink Cartridge, ~430 Pages, (F6U64AN#140)",
    "href": "/ip/HP-63XL-High-Yield-Black-Original-Ink-Cartridge/45014208?classType=REGULAR&selectedSellerId=101202862",
    "currentPrice": "current price $48.49",
    "pricePerOz": "N/A",
    "pickup": "Free shipping, arrives in 3+ days",
    "delivery": "N/A",
    "shipping": "N/A"
  },
  {
    "ioId": "70SAG03OBJTS",
    "linkIdentifier": "699167744",
    "text": "Enfamil NeuroPro Liquid Baby Formula, Brain Support, 2 fl oz, 6 count",
    "href": "/ip/Enfamil-NeuroPro-Baby-Formula-Milk-Based-Infant-Nutrition-MFGM-5-Year-Benefit-Expert-Recommended-Brain-Building-Omega-3-DHA-Exclusive-HuMO6-Immune-Bl/699167744?classType=VARIANT&selectedSellerId=0",
    "currentPrice": "current price $9.96",
    "pricePerOz": "83.0 ¢/fl oz",
    "pickup": "Shipping, arrives tomorrow",
    "delivery": "N/A",
    "shipping": "N/A"
  },
  {
    "ioId": "4Y69CDFU8UGW",
    "linkIdentifier": "256670539",
    "text": "GE LED Light Bulbs, 60 Watt, Daylight, A19 Bulbs, Medium Base, Frosted Finish, 9yr, 4pk",
    "href": "/ip/GE-LED-Light-Bulbs-60-Watt-Daylight-A19-Bulbs-Medium-Base-Frosted-Finish-9yr-4pk/256670539?classType=VARIANT&selectedSellerId=0",
    "currentPrice": "current price $7.97",
    "pricePerOz": "$1.99/ea",
    "pickup": "Shipping, arrives tomorrow",
    "delivery": "N/A",
    "shipping": "N/A"
  },
  {
    "ioId": "4VLXMWY6V3YV",
    "linkIdentifier": "838361149",
    "text": "Parent's Choice Cucumber Scent Baby Wipes, 900 Count (Select for More Options)",
    "href": "/ip/Parent-s-Choice-Cucumber-Scent-Baby-Wipes-900-Count-Select-for-More-Options/838361149?classType=VARIANT&selectedSellerId=0",
    "currentPrice": "current price $17.96",
    "pricePerOz": "$2.00/100 ct",
    "pickup": "Pickup today",
    "delivery": "Delivery today",
    "shipping": "Shipping, arrives tomorrow"
  },
  {
    "ioId": "6CNUQ6TQW4P2",
    "linkIdentifier": "532855228",
    "text": "Sterilite 4 Drawer Wide Weave Tower White",
    "href": "/ip/Sterilite-4-Drawer-Wide-Weave-Tower-White/532855228?classType=VARIANT&selectedSellerId=102605028",
    "currentPrice": "current price $88.90",
    "pricePerOz": "N/A",
    "pickup": "Free shipping, arrives in 3+ days",
    "delivery": "N/A",
    "shipping": "N/A"
  },
  {
    "ioId": "446Y12WU7Q6A",
    "linkIdentifier": "814168133",
    "text": "Huggies Overnites Nighttime Diapers, Size 6 (35+ lbs), 36 Ct (Select for More)",
    "href": "/ip/Huggies-Overnites-Nighttime-Diapers-Size-6-36-Ct-Select-for-More-Options/814168133?classType=VARIANT&selectedSellerId=0",
    "currentPrice": "current price $24.94",
    "pricePerOz": "69.3 ¢/count",
    "pickup": "Pickup today",
    "delivery": "Delivery today",
    "shipping": "Shipping, arrives tomorrow"
  },
  {
    "ioId": "3CCC1IQ26MP0",
    "linkIdentifier": "922518722",
    "text": "Goodyear Reliant All-Season 215/55R17 94V All-Season Tire Fits: 2011-15 Chevrolet Cruze Eco, 2012-14 Toyota Camry Hybrid XLE",
    "href": "/ip/Goodyear-Reliant-All-Season-215-55R17-94V-All-Season-Tire/922518722?classType=REGULAR&athbdg=L1300&selectedSellerId=0",
    "currentPrice": "current price Now $96.00",
    "pricePerOz": "$107.00",
    "pickup": "Free pickup today",
    "delivery": "Free shipping, arrives in 3+ days",
    "shipping": "N/A"
  },
  {
    "ioId": "5CACJKSYNGXZ",
    "linkIdentifier": "914259385",
    "text": "Great Value Strong Flex Tall Kitchen Drawstring Trash Bags, Citrus Burst, 13 Gallon, 120 Count",
    "href": "/ip/Great-Value-Strong-Flex-Tall-Kitchen-Drawstring-Trash-Bags-Citrus-Burst-13-Gallon-120-Count/914259385?classType=VARIANT&selectedSellerId=0",
    "currentPrice": "current price $17.57",
    "pricePerOz": "14.6 ¢/count",
    "pickup": "Pickup at a nearby store",
    "delivery": "Shipping, arrives tomorrow",
    "shipping": "N/A"
  },
  {
    "ioId": "5VFHIX41KHUP",
    "linkIdentifier": "46695562",
    "text": "Duraflame Gold Ultra Premium 4.5 lb. Firelogs, 6-Pack Case, 3 Hour Burn",
    "href": "/ip/Duraflame-Gold-Ultra-Premium-4-5-lb-Firelogs-6-Pack-Case-3-Hour-Burn/46695562?classType=VARIANT&selectedSellerId=0",
    "currentPrice": "current price $24.36",
    "pricePerOz": "N/A",
    "pickup": "Shipping, arrives tomorrow",
    "delivery": "N/A",
    "shipping": "N/A"
  },
  {
    "ioId": "3M3OWTA3WCB8",
    "linkIdentifier": "1421710938",
    "text": "Downy Free & Gentle Fabric Softener and Conditioner, 111 fl oz, 150 Loads, Hypoallergenic",
    "href": "/ip/Downy-Free-Gentle-Fabric-Softener-111-fl-oz-150-Loads-Hypoallergenic/1421710938?classType=VARIANT&selectedSellerId=0",
    "currentPrice": "current price $10.94",
    "pricePerOz": "9.9 ¢/fl oz",
    "pickup": "Pickup at a nearby store",
    "delivery": "Shipping, arrives tomorrow",
    "shipping": "N/A"
  },
  {
    "ioId": "7EH0GT0945WX",
    "linkIdentifier": "808355930",
    "text": "Goodyear Reliant All-Season 235/65R18 106V All-Season Tire",
    "href": "/ip/Goodyear-Reliant-All-Season-235-65R18-106V-All-Season-Tire/808355930?classType=REGULAR&athbdg=L1300&selectedSellerId=0",
    "currentPrice": "current price Now $112.00",
    "pricePerOz": "$125.00",
    "pickup": "Free pickup today",
    "delivery": "Free shipping, arrives in 3+ days",
    "shipping": "N/A"
  },
  {
    "ioId": "1M79QG24BGLK",
    "linkIdentifier": "14150016",
    "text": "Swiffer Wet Jet Mop Refill Solution, Wood, Laminate, Tile, Floor Cleaner, Lavender, 42.2oz, 2 Pack",
    "href": "/ip/Swiffer-Wet-Jet-Mop-Refill-Solution-Wood-Laminate-Tile-Floor-Cleaner-Lavender-42-2oz-2-Pack/14150016?classType=VARIANT&selectedSellerId=0",
    "currentPrice": "current price $12.94",
    "pricePerOz": "15.3 ¢/fl oz",
    "pickup": "Pickup at a nearby store",
    "delivery": "Shipping, arrives tomorrow",
    "shipping": "N/A"
  },
  {
    "ioId": "6C60E9WT9BKZ",
    "linkIdentifier": "691537410",
    "text": "Fruit of the Loom Men's EverSoft CoolZone Boxer Briefs – 6-Pack, Moisture-Wicking, Mesh Fly, Multiple Colors, S-3XL",
    "href": "/ip/Fruit-of-the-Loom-Men-s-CoolZone-Fly-Boxer-Briefs-6-Pack/691537410?classType=VARIANT&selectedSellerId=0",
    "currentPrice": "current price $21.48",
    "pricePerOz": "$3.58/ea",
    "pickup": "Pickup today",
    "delivery": "Delivery today",
    "shipping": "Shipping, arrives tomorrow"
  },
  {
    "ioId": "3RZQXPO1JSSP",
    "linkIdentifier": "784600580",
    "text": "Reynolds Wrap Heavy Duty Aluminum Foil, 12 Inch Width, 100 square feet",
    "href": "/ip/Reynolds-Wrap-Heavy-Duty-Aluminum-Foil-100-Square-Feet/784600580?classType=VARIANT&selectedSellerId=0",
    "currentPrice": "current price $9.42",
    "pricePerOz": "9.4 ¢/sq ft",
    "pickup": "Pickup today",
    "delivery": "Delivery today",
    "shipping": "N/A"
  },
  {
    "ioId": "2B3EMGLMW8D3",
    "linkIdentifier": "478605226",
    "text": "Scoop Women's and Women's Plus Relaxed Scuba Knit Stretch Blazer with Scrunch Sleeves, Sizes XS-4X",
    "href": "/ip/Scoop-Women-s-Relaxed-Ultimate-ScubaKnit-Stretch-Blazer-with-Scrunch-Sleeves-Sizes-XS-XXL/478605226?classType=VARIANT&athbdg=L1600&selectedSellerId=0",
    "currentPrice": "current price $34.00",
    "pricePerOz": "N/A",
    "pickup": "Shipping, arrives in 3+ days",
    "delivery": "N/A",
    "shipping": "N/A"
  },
  {
    "ioId": "2G24YZ1MU0N2",
    "linkIdentifier": "483952655",
    "text": "Lysol All Purpose Cleaner, Complete Clean, Lemon Breeze Scent, 64 oz, (2 Pack)",
    "href": "/ip/Lysol-All-Purpose-Cleaner-Spray-Lemon-Breeze-64oz-2X32oz-Tested-Proven-to-Kill-COVID-19-Virus-Packaging-May-Vary/483952655?classType=REGULAR&athbdg=L1600&selectedSellerId=0",
    "currentPrice": "current price $7.32",
    "pricePerOz": "11.4 ¢/fl oz",
    "pickup": "Pickup today",
    "delivery": "Delivery today",
    "shipping": "Shipping, arrives tomorrow"
  },
  {
    "ioId": "73K1NRT4AA76",
    "linkIdentifier": "842647132",
    "text": "Shark® VACMOP™ Cordless Hard Floor System with Disposable VACMOP™ Pad, VM200",
    "href": "/ip/Shark-VACMOP-Cordless-Hard-Floor-Vacuum-Mop-with-2-Disposable-VACMOP-Pads-VM200/842647132?classType=VARIANT&selectedSellerId=0",
    "currentPrice": "current price Now $49.00",
    "pricePerOz": "$99.99",
    "pickup": "Free pickup today",
    "delivery": "Delivery today",
    "shipping": "Free shipping, arrives tomorrow"
  },
  {
    "ioId": "2ZOSXMQJHIVR",
    "linkIdentifier": "15137308",
    "text": "Febreze Plug In Air Freshener, Odor-Fighting Scented Oil Refill, Gain Scent, 2 Refills",
    "href": "/ip/Febreze-Plug-Odor-Eliminating-Air-Freshener-Refills-with-Gain-Original-Scent-2-Ct/15137308?classType=REGULAR&athbdg=L1600&selectedSellerId=0",
    "currentPrice": "current price $9.94",
    "pricePerOz": "$5.85/fl oz",
    "pickup": "Pickup today",
    "delivery": "Delivery today",
    "shipping": "Shipping, arrives tomorrow"
  },
  {
    "ioId": "28NSL93MQZI4",
    "linkIdentifier": "2703497539",
    "text": "Better Homes & Gardens Cashmere Teak Scented 2-Wick Frosted 12oz Candle",
    "href": "/ip/Better-Homes-Gardens-12oz-Cashmere-Teak-Scented-2-Wick-Frosted-Jar-Candle/2703497539?classType=VARIANT&athbdg=L1600&selectedSellerId=0",
    "currentPrice": "current price $9.78",
    "pricePerOz": "81.5 ¢/oz",
    "pickup": "Pickup today",
    "delivery": "Delivery today",
    "shipping": "Shipping, arrives tomorrow"
  },
  {
    "ioId": "2VPYUKJL3F04",
    "linkIdentifier": "668548059",
    "text": "Pedigree Dentastix Fresh Flavor, Large Breed Dog Treats, 1.87 lb. Bag",
    "href": "/ip/Pedigree-Dentastix-Fresh-Treats-for-Dogs-29-9-oz-Pouch/668548059?classType=REGULAR&athbdg=L1600&selectedSellerId=0",
    "currentPrice": "current price $16.98",
    "pricePerOz": "56.8 ¢/oz",
    "pickup": "Pickup today",
    "delivery": "Delivery today",
    "shipping": "Shipping, arrives tomorrow"
  },
  {
    "ioId": "1457XYBFE7ZU",
    "linkIdentifier": "742741064",
    "text": "LG 27\" FHD IPS 3-Side Borderless Monitor with Anti-Glare & AMD FreeSync (1920 x 1080) - 27MP40W-B",
    "href": "/ip/LG-27-FHD-IPS-3-Side-Borderless-Monitor-with-Anti-Glare-AMD-FreeSync-1920-x-1080-27MP40W-B/742741064?classType=REGULAR&athbdg=L1300&selectedSellerId=0",
    "currentPrice": "current price Now $97.00",
    "pricePerOz": "$129.00",
    "pickup": "Pickup at a nearby store",
    "delivery": "Free shipping, arrives tomorrow",
    "shipping": "N/A"
  },
  {
    "ioId": "1TKIG08M0CTP",
    "linkIdentifier": "265318687",
    "text": "Tampax Pearl Tampons Ultra Absorbency with LeakGuard Braid, 45 Count",
    "href": "/ip/Tampax-Pearl-Tampons-Ultra-Absorbency-with-LeakGuard-Braid-45-Count/265318687?classType=VARIANT&selectedSellerId=0",
    "currentPrice": "current price $10.98",
    "pricePerOz": "24.4 ¢/count",
    "pickup": "Pickup today",
    "delivery": "Delivery today",
    "shipping": "Shipping, arrives tomorrow"
  },
  {
    "ioId": "1APX1JSDRK9B",
    "linkIdentifier": "5027136",
    "text": "16x20 Poster, Matte Photo Paper",
    "href": "https://photos3.walmart.com/category/142-full-photo--designed-posters?size=16x20&paper=matte&offerID=ABDB31F1799E4849BD2820CB57B0FC06&walmartID=5027136&redirectURL=https%3A%2F%2Fwww.walmart.com%2Fupdatecart&productURL=https%3A%2F%2Fwww.walmart.com%2Fip%2Fseort%2F5027136",
    "currentPrice": "current price $13.86",
    "pricePerOz": "N/A",
    "pickup": "Shipping, arrives in 3+ days",
    "delivery": "N/A",
    "shipping": "N/A"
  },
  {
    "ioId": "5E2PMBE6S6XS",
    "linkIdentifier": "944806911",
    "text": "Colgate Optic White Advanced Hydrogen Peroxide Whitening Toothpaste, Mint, 3.2 oz, 2 Pack",
    "href": "/ip/Colgate-Optic-White-Advanced-Hydrogen-Peroxide-Toothpaste-Sparkling-White-2-Pack-3-2-oz/944806911?classType=REGULAR&athbdg=L1600&selectedSellerId=0",
    "currentPrice": "current price $10.46",
    "pricePerOz": "$1.63/ounces",
    "pickup": "Pickup today",
    "delivery": "Delivery today",
    "shipping": "Shipping, arrives tomorrow"
  },
  {
    "ioId": "2TP6KN37AHPS",
    "linkIdentifier": "1343755292",
    "text": "Frigidaire 7.0 Cu. ft. Chest Freezer, EFRF7003, White",
    "href": "/ip/Frigidaire-7-0-Cu-ft-Chest-Freezer-EFRF7003-White/1343755292?classType=VARIANT&selectedSellerId=0",
    "currentPrice": "current price Now $188.00",
    "pricePerOz": "$349.00",
    "pickup": "Free shipping, arrives in 3+ days",
    "delivery": "N/A",
    "shipping": "N/A"
  },
  {
    "ioId": "5AXO2PNGKE1I",
    "linkIdentifier": "43982157",
    "text": "Gatorade Chocolate Chip Protein Bar, 2.8 oz, 6 Count",
    "href": "/ip/Gatorade-Chocolate-Chip-Protein-Bar-2-8-oz-6-Count/43982157?classType=VARIANT&selectedSellerId=0",
    "currentPrice": "current price $9.97",
    "pricePerOz": "59.0 ¢/oz",
    "pickup": "Pickup today",
    "delivery": "Delivery today",
    "shipping": "Shipping, arrives tomorrow"
  },
  {
    "ioId": "56G7IK6N3G6T",
    "linkIdentifier": "816588258",
    "text": "Balloon Time 12in Jumbo Helium Tank Kit with Colorful Latex Balloons, 50 Count",
    "href": "/ip/Balloon-Time-12in-Jumbo-Helium-Tank-Kit-with-Colorful-Latex-Balloons/816588258?classType=REGULAR&athbdg=L1600&selectedSellerId=101061397",
    "currentPrice": "current price $76.99",
    "pricePerOz": "N/A",
    "pickup": "Free shipping, arrives in 3+ days",
    "delivery": "N/A",
    "shipping": "N/A"
  },
  {
    "ioId": "29J8SSQIS5DI",
    "linkIdentifier": "14862986",
    "text": "OxiClean Foam-Tastic Foaming Bathroom Cleaner, Removes Soap Scum, Grime & Stains, Fresh Scent, 19 oz",
    "href": "/ip/OxiClean-Foam-Tastic-Foaming-Bathroom-Cleaner-Removes-Soap-Scum-Grime-Stains-Fresh-Scent-19-oz/14862986?classType=VARIANT&selectedSellerId=0",
    "currentPrice": "current price Now $4.98",
    "pricePerOz": "$10.78",
    "pickup": "Pickup today",
    "delivery": "Delivery today",
    "shipping": "N/A"
  },
  {
    "ioId": "60HLFG0FIDZ6",
    "linkIdentifier": "332542372",
    "text": "Mainstays 40\"L x 20\"W Plastic Adjustable Height Fold-in-Half Folding Table, Rich Black",
    "href": "/ip/Mainstays-40-L-x-20-W-Plastic-Adjustable-Height-Fold-in-Half-Folding-Table-Rich-Black/332542372?classType=REGULAR&athbdg=L1300&selectedSellerId=0",
    "currentPrice": "current price Now $30.94",
    "pricePerOz": "$34.98",
    "pickup": "Pickup today",
    "delivery": "Delivery today",
    "shipping": "Shipping, arrives tomorrow"
  },
  {
    "ioId": "23FL163OTODA",
    "linkIdentifier": "10294480",
    "text": "Dove Beauty Bar Women's Bath Soap Sensitive Unscented Hypoallergenic for Sensitive Skin, 3.75 oz 2 Bars",
    "href": "/ip/Dove-Sensitive-Skin-Beauty-Bars-2-count/10294480?classType=REGULAR&selectedSellerId=0",
    "currentPrice": "current price $4.47",
    "pricePerOz": "59.6 ¢/oz",
    "pickup": "Pickup today",
    "delivery": "Delivery today",
    "shipping": "N/A"
  },
  {
    "ioId": "3CDM2MVM64S9",
    "linkIdentifier": "1426663425",
    "text": "Crossmax CHTS-1 Highway 235/65R17 108V XL SUV/Crossover Tire",
    "href": "/ip/Crossmax-235-65R17-108V-XL-CHTS-1-All-Season-Tire/1426663425?classType=REGULAR&athbdg=L1300&selectedSellerId=0",
    "currentPrice": "current price Now $76.00",
    "pricePerOz": "$98.91",
    "pickup": "Free pickup in 3+ days",
    "delivery": "Free shipping, arrives in 3+ days",
    "shipping": "N/A"
  },
  {
    "ioId": "6CKEA7TSJQ6D",
    "linkIdentifier": "14862622",
    "text": "Lysol Power Toilet Bowl Cleaner Gel, Cleaning, Disinfecting and Stain Removal, 24 oz",
    "href": "/ip/Lysol-Power-Toilet-Bowl-Cleaner-Gel-Cleaning-Disinfecting-and-Stain-Removal-24-oz/14862622?classType=REGULAR&selectedSellerId=0",
    "currentPrice": "current price $2.82",
    "pricePerOz": "11.8 ¢/fl oz",
    "pickup": "Pickup today",
    "delivery": "Delivery today",
    "shipping": "N/A"
  },
  {
    "ioId": "798FDPYSJSO7",
    "linkIdentifier": "408166963",
    "text": "Dickies Men’s Flex 11874 Work Pant",
    "href": "/ip/Dickies-Men-s-Flex-11874-Work-Pant/408166963?classType=VARIANT&selectedSellerId=0",
    "currentPrice": "current price $24.98",
    "pricePerOz": "N/A",
    "pickup": "Pickup at a nearby store",
    "delivery": "Shipping, arrives tomorrow",
    "shipping": "N/A"
  },
  {
    "ioId": "727P91GTAODJ",
    "linkIdentifier": "15249513",
    "text": "Hefty Everyday Soak-Proof Foam Plates, White, 8.875 inch, 50 Count",
    "href": "/ip/Hefty-Everyday-Soak-Proof-Foam-Plates-White-9-Inch-50-Count/15249513?classType=REGULAR",
    "currentPrice": "N/A",
    "pricePerOz": "N/A",
    "pickup": "Free shipping, arrives in 3+ days",
    "delivery": "N/A",
    "shipping": "N/A"
  },
  {
    "ioId": "358DW5SJM8IO",
    "linkIdentifier": "2092790072",
    "text": "Mainstays Traditional Solid Gray Shag Indoor Area Rug, 5' x 7'",
    "href": "/ip/Mainstays-Traditional-Solid-Gray-Shag-Indoor-Area-Rug-5-x-7/2092790072?classType=VARIANT&selectedSellerId=0",
    "currentPrice": "current price $44.98",
    "pricePerOz": "N/A",
    "pickup": "Free pickup today",
    "delivery": "Delivery today",
    "shipping": "Free shipping, arrives tomorrow"
  },
  {
    "ioId": "49QZEDKM2IIX",
    "linkIdentifier": "16664823",
    "text": "Shout Active Enzyme Laundry Stain Remover Prewash Spray, 22 oz",
    "href": "/ip/Johnson-Wax-02251-Shout-Stain-Remover/16664823?classType=REGULAR&selectedSellerId=0",
    "currentPrice": "current price $3.48",
    "pricePerOz": "15.8 ¢/fl oz",
    "pickup": "Pickup today",
    "delivery": "Delivery today",
    "shipping": "Shipping, arrives tomorrow"
  },
  {
    "ioId": "6EQNFXU4EA90",
    "linkIdentifier": "2509395815",
    "text": "Crocs Unisex Baya Clog",
    "href": "/ip/Crocs-Unisex-Baya-Clog-Sandal/2509395815?classType=VARIANT&selectedSellerId=0",
    "currentPrice": "current price Now $34.99",
    "pricePerOz": "$49.99",
    "pickup": "Shipping, arrives tomorrow",
    "delivery": "N/A",
    "shipping": "N/A"
  },
  {
    "ioId": "6ZRM8P1PBCH2",
    "linkIdentifier": "19897845",
    "text": "Dial Complete Antibacterial Foaming Hand Wash, Spring Water, 7.5 Ounce",
    "href": "/ip/Dial-Antibacterial-Foaming-Hand-Wash-Spring-Water-7-5-fl-oz/19897845?classType=VARIANT&selectedSellerId=0",
    "currentPrice": "current price $2.68",
    "pricePerOz": "35.7 ¢/fl oz",
    "pickup": "Pickup today",
    "delivery": "Delivery today",
    "shipping": "Shipping, arrives tomorrow"
  },
  {
    "ioId": "79F5NN0QGHLZ",
    "linkIdentifier": "117633165",
    "text": "SAMSUNG 27\" Class Curved 1920x1080 VGA HDMI 60hz 4ms AMD Freesync HD LED Monitor - LC27F396FHNXZA",
    "href": "/ip/SAMSUNG-27-Class-Curved-1920x1080-VGA-HDMI-60hz-4ms-AMD-FREESYNC-HD-LED-Monitor-LC27F396FHNXZA/117633165?classType=REGULAR&athbdg=L1300&selectedSellerId=0",
    "currentPrice": "current price Now $119.00",
    "pricePerOz": "$139.99",
    "pickup": "Free pickup today",
    "delivery": "Delivery today",
    "shipping": "Free shipping, arrives tomorrow"
  },
  {
    "ioId": "1NAROVR164TC",
    "linkIdentifier": "504949271",
    "text": "Clairol Nice'n Easy Permanent Hair Color Cream, 8R Medium Reddish Blonde, Hair Dye, 1 Application",
    "href": "/ip/Clairol-Nice-n-Easy-Permanent-Hair-Color-Cream-8R-Medium-Reddish-Blonde-Hair-Dye-1-Application/504949271?classType=VARIANT&selectedSellerId=0",
    "currentPrice": "current price $7.98",
    "pricePerOz": "N/A",
    "pickup": "Shipping, arrives tomorrow",
    "delivery": "N/A",
    "shipping": "N/A"
  },
  {
    "ioId": "4EDGLUQ49M9C",
    "linkIdentifier": "443587859",
    "text": "Restored Apple iPhone 11 - Fully Unlocked - 64 GB Black (Refurbished)",
    "href": "/ip/Restored-Apple-iPhone-11-64GB-Verizon-GSM-Unlocked-T-Mobile-AT-T-4G-LTE-Smartphone-Black-Refurbished/443587859?classType=VARIANT&selectedSellerId=442",
    "currentPrice": "N/A",
    "pricePerOz": "N/A",
    "pickup": "Free shipping, arrives in 3+ days",
    "delivery": "N/A",
    "shipping": "N/A"
  },
  {
    "ioId": "5IAGGZYMZR7R",
    "linkIdentifier": "47831080",
    "text": "L'Oreal Paris Magic Root Cover Up, Temporary Gray Concealer Spray, Dark Blonde, Aerosol, 2 oz",
    "href": "/ip/L-Oreal-Paris-Magic-Root-Cover-Up-Concealer-Spray-05-Dark-Blonde-2-oz/47831080?classType=VARIANT&athbdg=L1300&selectedSellerId=0",
    "currentPrice": "current price Now $9.87",
    "pricePerOz": "$11.52",
    "pickup": "Pickup today",
    "delivery": "Delivery today",
    "shipping": "Shipping, arrives tomorrow"
  },
  {
    "ioId": "5WYWSIV6TI9W",
    "linkIdentifier": "49606907",
    "text": "Schwarzkopf Keratin Color Permanent Hair Color, 1.1 Midnight Black, 1 Application - Salon Inspired Permanent Hair Dye, for up to 80% Less Breakage vs Untreated Hair and up to 100% Gray Coverage",
    "href": "/ip/Schwarzkopf-Keratin-Color-Anti-Age-Hair-Color-Kit/49606907?classType=VARIANT&selectedSellerId=0",
    "currentPrice": "current price $11.97",
    "pricePerOz": "N/A",
    "pickup": "Pickup at a nearby store",
    "delivery": "Shipping, arrives tomorrow",
    "shipping": "N/A"
  },
  {
    "ioId": "2PSJVLNEBRX0",
    "linkIdentifier": "408563786",
    "text": "Sertapedic Cool Nites Bed Pillow, Standard/Queen",
    "href": "/ip/Sertapedic-Cool-Nites-Bed-Pillow-Standard-Queen/408563786?classType=VARIANT&selectedSellerId=0",
    "currentPrice": "current price $10.24",
    "pricePerOz": "N/A",
    "pickup": "Pickup today",
    "delivery": "Delivery today",
    "shipping": "Shipping, arrives tomorrow"
  },
  {
    "ioId": "5QPPFOWTW91D",
    "linkIdentifier": "289157037",
    "text": "L'Oreal Paris Voluminous Original Washable Bold Eye Mascara, Deep Violet, 0.27 fl. oz.",
    "href": "/ip/L-Oreal-Paris-Voluminous-Original-Washable-Bold-Eye-Mascara-Deep-Violet-0-27-fl-oz/289157037?classType=VARIANT&selectedSellerId=0",
    "currentPrice": "current price $8.98",
    "pricePerOz": "$33.26/fl oz",
    "pickup": "Pickup today",
    "delivery": "Delivery today",
    "shipping": "Shipping, arrives tomorrow"
  },
  {
    "ioId": "2ET8IKKXEWMA",
    "linkIdentifier": "23382650",
    "text": "Eternal Energy Premium Energy Shot, Grape, 1.93 fl oz, 6 count",
    "href": "/ip/Eternal-Energy-Premium-Energy-Shot-Grape-1-93-fl-oz-6-count/23382650?classType=VARIANT&selectedSellerId=0",
    "currentPrice": "current price $4.68",
    "pricePerOz": "40.3 ¢/fl oz",
    "pickup": "Pickup today",
    "delivery": "Delivery today",
    "shipping": "Shipping, arrives tomorrow"
  },
  {
    "ioId": "46Q17QWA1YEO",
    "linkIdentifier": "17177026",
    "text": "Tresemme Extra Hold Hairspray 24H Frizz Control with Pro Lock Tech, 14.6 oz",
    "href": "/ip/Tresemme-Extra-Hold-Hairspray-24H-Frizz-Control-with-Pro-Lock-Tech-14-6-oz/17177026?classType=VARIANT&selectedSellerId=0",
    "currentPrice": "current price $8.94",
    "pricePerOz": "61.2 ¢/oz",
    "pickup": "Pickup today",
    "delivery": "Delivery today",
    "shipping": "Shipping, arrives tomorrow"
  },
  {
    "ioId": "68A1Y8YKWS0S",
    "linkIdentifier": "111994618",
    "text": "Sertapedic Super Firm Bed Pillow, Standard/Queen",
    "href": "/ip/Sertapedic-Super-Firm-S-q-Pillow/111994618?classType=VARIANT&selectedSellerId=0",
    "currentPrice": "current price $9.96",
    "pricePerOz": "N/A",
    "pickup": "Pickup today",
    "delivery": "Delivery today",
    "shipping": "Shipping, arrives tomorrow"
  },
  {
    "ioId": "2CFHU3255JRS",
    "linkIdentifier": "40775780",
    "text": "Spring Valley Super Vitamin B-Complex Dietary Supplement Tablets, 250 Count",
    "href": "/ip/Spring-Valley-Super-Vitamin-B-Complex-Dietary-Supplement-Tablets-250-Count/40775780?classType=VARIANT&selectedSellerId=0",
    "currentPrice": "current price $7.96",
    "pricePerOz": "3.2 ¢/count",
    "pickup": "Pickup today",
    "delivery": "Delivery today",
    "shipping": "Shipping, arrives tomorrow"
  },
  {
    "ioId": "3NIVLRIKE7EO",
    "linkIdentifier": "39911068",
    "text": "Sterilite 32 Quart Gasket Box, Weather-Resistant Clear Storage Bin with Lid, Blue",
    "href": "/ip/Sterilite-Storage-Tote-Clear-Polypropylene-19334304/39911068?classType=VARIANT&selectedSellerId=0",
    "currentPrice": "current price Now $9.97",
    "pricePerOz": "$16.98",
    "pickup": "Pickup at a nearby store",
    "delivery": "Shipping, arrives in 3+ days",
    "shipping": "N/A"
  },
  {
    "ioId": "2A9T1OQWC2R5",
    "linkIdentifier": "21778200",
    "text": "Mainstays 71\" Brown Floor Lamp, Modern Design",
    "href": "/ip/Mainstays-71-Brown-Floor-Lamp-Modern-Design/21778200?classType=VARIANT&selectedSellerId=0",
    "currentPrice": "current price $26.97",
    "pricePerOz": "N/A",
    "pickup": "Pickup today",
    "delivery": "Delivery today",
    "shipping": "N/A"
  },
  {
    "ioId": "3ED3LM0XZXGY",
    "linkIdentifier": "21320979",
    "text": "vitafusion Womens Multivitamin Gummies, Daily Vitamins for Women, Berry Flavored, 150 Count",
    "href": "/ip/vitafusion-Womens-Multivitamin-Gummies-Daily-Vitamins-for-Women-Berry-Flavored-150-Count/21320979?classType=VARIANT&selectedSellerId=0",
    "currentPrice": "current price $10.98",
    "pricePerOz": "7.3 ¢/count",
    "pickup": "Pickup today",
    "delivery": "Delivery today",
    "shipping": "Shipping, arrives tomorrow"
  },
  {
    "ioId": "5S6PTCONFSM9",
    "linkIdentifier": "26848873",
    "text": "Wrangler Men's and Big Men's Regular Fit Jeans",
    "href": "/ip/FAST-TRACK-Wrangler-Men-s-Regular-Fit-Jeans/26848873?classType=VARIANT&selectedSellerId=0",
    "currentPrice": "current price $18.98",
    "pricePerOz": "N/A",
    "pickup": "Shipping, arrives in 3+ days",
    "delivery": "N/A",
    "shipping": "N/A"
  },
  {
    "ioId": "77LL9NIK5TSZ",
    "linkIdentifier": "35911319",
    "text": "vitafusion Adult Multivitamin Gummies for Men's Health, Berry Flavored Daily Supplement, 150 Count",
    "href": "/ip/Vitafusion-Men-s-Complete-Multivitamin-Dietary-Supplement-Gummies-150-count/35911319?classType=VARIANT&selectedSellerId=0",
    "currentPrice": "current price $10.98",
    "pricePerOz": "7.3 ¢/count",
    "pickup": "Pickup today",
    "delivery": "Delivery today",
    "shipping": "Shipping, arrives tomorrow"
  },
  {
    "ioId": "7KKQDSB322YS",
    "linkIdentifier": "34581643",
    "text": "Hanes Women's Cool Comfort Ankle Socks, 10-Pair Value Pack",
    "href": "/ip/Hanes-Women-s-Cool-Comfort-Ankle-Socks-10-Pair-Value-Pack/34581643?classType=VARIANT&athbdg=L1600&selectedSellerId=0",
    "currentPrice": "current price $10.97",
    "pricePerOz": "$1.10/ea",
    "pickup": "Pickup at a nearby store",
    "delivery": "Shipping, arrives tomorrow",
    "shipping": "N/A"
  },
  {
    "ioId": "5VPP9NG4QL2F",
    "linkIdentifier": "51222388",
    "text": "Lysol Disinfectant Spray, Sanitizing and Antibacterial Spray, Crisp Linen Scent, 19 fl oz, 2 Pack",
    "href": "/ip/Lysol-Disinfectant-Spray-19-oz-Pack-of-2/51222388?classType=VARIANT&athbdg=L1600&selectedSellerId=0",
    "currentPrice": "current price $14.14",
    "pricePerOz": "37.2 ¢/oz",
    "pickup": "Pickup today",
    "delivery": "Delivery today",
    "shipping": "Shipping, arrives tomorrow"
  },
  {
    "ioId": "2WZPGIRC5L7P",
    "linkIdentifier": "20971271",
    "text": "Coleman All-Purpose Propane Gas Cylinder, 16 ounce, 2-Pack",
    "href": "/ip/Coleman-All-Purpose-Propane-Gas-Cylinder-16-ounce-2-Pack/20971271?classType=REGULAR&athbdg=L1600&selectedSellerId=0",
    "currentPrice": "current price $9.87",
    "pricePerOz": "30.8 ¢/oz",
    "pickup": "Pickup today",
    "delivery": "N/A",
    "shipping": "N/A"
  },
  {
    "ioId": "75A6SPYWUBPD",
    "linkIdentifier": "37402611",
    "text": "BOOST Original, Nutritional Drink, Rich Chocolate, 10g Protein, 24 - 8 fl oz Bottles",
    "href": "/ip/Boost-Original-Rich-Chocolate-Complete-Nutritional-Drink-8-fl-oz-24-count/37402611?classType=VARIANT&selectedSellerId=0",
    "currentPrice": "current price $35.12",
    "pricePerOz": "18.3 ¢/fl oz",
    "pickup": "Free pickup today",
    "delivery": "Delivery today",
    "shipping": "Free shipping, arrives tomorrow"
  },
  {
    "ioId": "6H6FT2OY6UOZ",
    "linkIdentifier": "236684132",
    "text": "Sterilite 64 Qt. Latching Box Plastic, Blush Pink Tint, Set of 6",
    "href": "/ip/Sterilite-64-Qt-Latching-Box-Plastic-Blush-Pink-Tint-Set-of-6/236684132?classType=VARIANT&athbdg=L1600",
    "currentPrice": "N/A",
    "pricePerOz": "N/A",
    "pickup": "Free shipping, arrives in 3+ days",
    "delivery": "N/A",
    "shipping": "N/A"
  },
  {
    "ioId": "4BIBVVJ1IADY",
    "linkIdentifier": "19406200",
    "text": "OxiClean Versatile Home and Laundry Stain Remover Powder, 5 lb",
    "href": "/ip/OxiClean-Versatile-Stain-Remover-5-lb/19406200?classType=VARIANT&athbdg=L1600&selectedSellerId=0",
    "currentPrice": "current price $12.37",
    "pricePerOz": "15.5 ¢/oz",
    "pickup": "Pickup today",
    "delivery": "Delivery today",
    "shipping": "Shipping, arrives tomorrow"
  },
  {
    "ioId": "322LNM0ST955",
    "linkIdentifier": "222347377",
    "text": "Time and Tru Women's Scrunch Back Slip-On Sneaker",
    "href": "/ip/Time-and-Tru-Women-s-Scrunch-Back-Slip-On-Sneaker-Wide-Width-Available/222347377?classType=VARIANT&athbdg=L1600&selectedSellerId=0",
    "currentPrice": "current price $10.98",
    "pricePerOz": "N/A",
    "pickup": "Pickup today",
    "delivery": "Delivery today",
    "shipping": "Shipping, arrives tomorrow"
  },
  {
    "ioId": "6CJ84BUAPD9V",
    "linkIdentifier": "563770403",
    "text": "Natrol Melatonin Gummies, Sleep Support for Adults, Strawberry Flavor, 10mg, 90 Count",
    "href": "/ip/Natrol-Melatonin-Gummies-Sleep-Support-for-Adults-Strawberry-Flavor-10mg-90-Count/563770403?classType=VARIANT&selectedSellerId=0",
    "currentPrice": "current price $11.53",
    "pricePerOz": "12.8 ¢/count",
    "pickup": "Pickup today",
    "delivery": "Delivery today",
    "shipping": "Shipping, arrives tomorrow"
  },
  {
    "ioId": "4WV7HH8PUWNA",
    "linkIdentifier": "418196587",
    "text": "Meow Mix Tender Centers Dry Cat Food with Basted Bites, Beef & Salmon Flavors, 3 Pound Bag",
    "href": "/ip/Meow-Mix-Tender-Centers-Dry-Cat-Food-with-Basted-Bites-Beef-Salmon-Flavors-3-Pound-Bag/418196587?classType=VARIANT&athbdg=L1600&selectedSellerId=0",
    "currentPrice": "current price $5.72",
    "pricePerOz": "$1.91/lb",
    "pickup": "Pickup today",
    "delivery": "Delivery today",
    "shipping": "N/A"
  },
  {
    "ioId": "505L5LIN1W1X",
    "linkIdentifier": "963332736",
    "text": "Logitech Compact Wireless Mouse, 2.4 GHz with USB Unifying Receiver, Optical Tracking, Blue",
    "href": "/ip/Logitech-Compact-Wireless-Mouse-2-4-GHz-with-USB-Unifying-Receiver-Optical-Tracking-Blue/963332736?classType=VARIANT&athbdg=L1300&selectedSellerId=0",
    "currentPrice": "current price Now $9.88",
    "pricePerOz": "$14.88",
    "pickup": "Pickup at a nearby store",
    "delivery": "Shipping, arrives tomorrow",
    "shipping": "N/A"
  },
  {
    "ioId": "3N9K2SKRR1HS",
    "linkIdentifier": "442318613",
    "text": "Great Value Nitrile Disposable Gloves, One Size, 100 Ct",
    "href": "/ip/Great-Value-Nitrile-Disposable-Gloves-One-Size-100-Ct/442318613?classType=VARIANT&selectedSellerId=0",
    "currentPrice": "current price $14.97",
    "pricePerOz": "15.0 ¢/count",
    "pickup": "Pickup today",
    "delivery": "Delivery today",
    "shipping": "Shipping, arrives tomorrow"
  },
  {
    "ioId": "5ZLDUGWRKYN8",
    "linkIdentifier": "452310445",
    "text": "Yankee Candle Balsam & Cedar Original Large Scented Jar Candle, 22 oz",
    "href": "/ip/American-Home-Yankee-Candle-Large-Jar-Balsam-Cedar/452310445?classType=REGULAR&selectedSellerId=0",
    "currentPrice": "current price $16.88",
    "pricePerOz": "76.7 ¢/oz",
    "pickup": "Pickup today",
    "delivery": "Delivery today",
    "shipping": "Shipping, arrives tomorrow"
  },
  {
    "ioId": "7HN28NO9NQH5",
    "linkIdentifier": "21675361",
    "text": "Tide Powder Laundry Detergent, Original Scent, 143 oz, 113 Loads",
    "href": "/ip/Tide-HE-Turbo-Powder-Laundry-Detergent-Original-Scent-102-Loads-143-oz/21675361?classType=VARIANT&selectedSellerId=0",
    "currentPrice": "current price $22.94",
    "pricePerOz": "16.0 ¢/oz",
    "pickup": "Pickup today",
    "delivery": "Delivery today",
    "shipping": "Shipping, arrives tomorrow"
  },
  {
    "ioId": "5DXPXIUNIT1K",
    "linkIdentifier": "412763517",
    "text": "Avia Women's Performance Cushioned No Show Socks, 10-Pack",
    "href": "/ip/Avia-Women-s-Performance-Cushioned-No-Show-Socks-10-Pack/412763517?classType=VARIANT&selectedSellerId=0",
    "currentPrice": "current price $9.97",
    "pricePerOz": "99.7 ¢/ea",
    "pickup": "Pickup today",
    "delivery": "Delivery today",
    "shipping": "Shipping, arrives tomorrow"
  },
  {
    "ioId": "73DE5JMRQYMD",
    "linkIdentifier": "36128410",
    "text": "Purina Cat Chow Naturals, Dry Cat Food, Chicken & Salmon, 18 lb Bag",
    "href": "/ip/Purina-Cat-Chow-Naturals-Dry-Cat-Food-Chicken-Salmon-18-lb-Bag/36128410?classType=VARIANT&selectedSellerId=0",
    "currentPrice": "current price $25.98",
    "pricePerOz": "$1.44/lb",
    "pickup": "Pickup today",
    "delivery": "Delivery today",
    "shipping": "Shipping, arrives tomorrow"
  },
  {
    "ioId": "57VUWZIE3S7R",
    "linkIdentifier": "488777650",
    "text": "George Men's Slim Chino Pants",
    "href": "/ip/George-Men-s-Slim-Chino-Pants/488777650?classType=VARIANT&selectedSellerId=0",
    "currentPrice": "current price $18.98",
    "pricePerOz": "N/A",
    "pickup": "Pickup at a nearby store",
    "delivery": "Shipping, arrives tomorrow",
    "shipping": "N/A"
  },
  {
    "ioId": "34XJ0T2OZ2JQ",
    "linkIdentifier": "50678148",
    "text": "Tresemme Rich Moisture Shampoo and Conditioner Rich Moisture, 28 oz 2 Count",
    "href": "/ip/Tresemme-Rich-Moisture-Rich-Moisture-Shampoo-and-Conditioner-28-oz-2-Count/50678148?classType=VARIANT&selectedSellerId=0",
    "currentPrice": "current price $11.94",
    "pricePerOz": "21.3 ¢/fl oz",
    "pickup": "Pickup today",
    "delivery": "Delivery today",
    "shipping": "Shipping, arrives tomorrow"
  },
  {
    "ioId": "41X3Q7JJ7KMW",
    "linkIdentifier": "5080277119",
    "text": "Mainstays 30\" x 46\" Titan Grey Durable Indoor Utility Area Rug",
    "href": "/ip/Mainstays-30-x-46-Titan-Grey-Durable-Indoor-Utility-Area-Rug/5080277119?classType=VARIANT&selectedSellerId=0",
    "currentPrice": "current price $14.98",
    "pricePerOz": "N/A",
    "pickup": "Pickup today",
    "delivery": "Delivery today",
    "shipping": "Shipping, arrives tomorrow"
  },
  {
    "ioId": "12LBZK6NT0KK",
    "linkIdentifier": "35511656",
    "text": "Goodnites Bedwetting Underwear for Boys, S/M (43-68 lbs), 44 Ct (Select for More)",
    "href": "/ip/GoodNites-Boys-Bedtime-Underwear-Super-Pack-Choose-Your-Size/35511656?classType=VARIANT&selectedSellerId=0",
    "currentPrice": "current price $29.97",
    "pricePerOz": "68.1 ¢/ea",
    "pickup": "Pickup today",
    "delivery": "Delivery today",
    "shipping": "Shipping, arrives tomorrow"
  },
  {
    "ioId": "771SVLL158DF",
    "linkIdentifier": "2705358865",
    "text": "Wonder Nation Girls Core Flare Jegging, Sizes 4-18 & Plus",
    "href": "/ip/Wonder-Nation-Girls-Core-Flare-Jegging-Sizes-XS-XXLP/2705358865?classType=VARIANT&selectedSellerId=0",
    "currentPrice": "current price $9.98",
    "pricePerOz": "N/A",
    "pickup": "Pickup today",
    "delivery": "Delivery today",
    "shipping": "Shipping, arrives tomorrow"
  },
  {
    "ioId": "59IAOVX9U0RB",
    "linkIdentifier": "246701400",
    "text": "Pure Balance Chicken & Pea Recipe Dry Dog Food, Grain-Free, 24 lbs",
    "href": "/ip/Pure-Balance-Chicken-Pea-Recipe-Dry-Dog-Food-Grain-Free-24-lbs/246701400?classType=VARIANT&selectedSellerId=0",
    "currentPrice": "current price $34.92",
    "pricePerOz": "$1.46/lb",
    "pickup": "Pickup today",
    "delivery": "Delivery today",
    "shipping": "Shipping, arrives tomorrow"
  },
  {
    "ioId": "12F87YXGTS22",
    "linkIdentifier": "174613742",
    "text": "Wrangler Boy's Gamer Cargo Pants, Sizes 4-16, Slim & Husky",
    "href": "/ip/Wrangler-Boy-s-Gamer-Cargo-Pants-Sizes-4-16-Slim-Husky/174613742?classType=VARIANT&selectedSellerId=0",
    "currentPrice": "current price $16.98",
    "pricePerOz": "N/A",
    "pickup": "Pickup today",
    "delivery": "Delivery today",
    "shipping": "Shipping, arrives tomorrow"
  },
  {
    "ioId": "2AFENKHH3WPJ",
    "linkIdentifier": "658462069",
    "text": "OLLY Women's Multivitamin Gummy, Vitamins A, D, C, E, Biotin, Folic Acid, Berry Flavor, 90 Ct",
    "href": "/ip/OLLY-Women-s-Daily-Multivitamin-Gummy-Health-Immune-Support-Berry-90-Ct/658462069?classType=VARIANT&selectedSellerId=0",
    "currentPrice": "current price $12.56",
    "pricePerOz": "14.0 ¢/count",
    "pickup": "Pickup today",
    "delivery": "Delivery today",
    "shipping": "Shipping, arrives tomorrow"
  },
  {
    "ioId": "1GNPOIZOSI2M",
    "linkIdentifier": "428720094",
    "text": "Expert Grill 17.5\" Square Steel Charcoal Grill with Wheels, Black, New",
    "href": "/ip/Expert-Grill-17-5-Square-Steel-Charcoal-Grill-with-Wheels-Black/428720094?classType=REGULAR&selectedSellerId=0",
    "currentPrice": "current price $19.97",
    "pricePerOz": "N/A",
    "pickup": "Pickup today",
    "delivery": "Delivery today",
    "shipping": "Shipping, arrives tomorrow"
  },
  {
    "ioId": "1SVNY5DXFVO1",
    "linkIdentifier": "181506321",
    "text": "Kibbles ‘n Bits Mini Bits Bacon & Steak Flavor, Dry Small Breed Dog Food, 17.6-Pound Bag",
    "href": "/ip/Kibbles-n-Bits-Mini-Bits-Bacon-Steak-Flavor-Dry-Small-Breed-Dog-Food-17-6-Pound-Bag/181506321?classType=VARIANT",
    "currentPrice": "N/A",
    "pricePerOz": "N/A",
    "pickup": "Free shipping, arrives in 3+ days",
    "delivery": "N/A",
    "shipping": "N/A"
  },
  {
    "ioId": "2SGW7H1K31EX",
    "linkIdentifier": "755418771",
    "text": "Playtex 18 Hour Wirefree Bra Ultimate Lift & Support Cushioned Women's 4745",
    "href": "/ip/Playtex-18-Hour-Ultimate-Lift-Support-Wireless-Bra-Gentle-Peach-36C-Women-s/755418771?classType=VARIANT&selectedSellerId=4436",
    "currentPrice": "current price $19.94",
    "pricePerOz": "N/A",
    "pickup": "Free shipping, arrives in 3+ days",
    "delivery": "N/A",
    "shipping": "N/A"
  },
  {
    "ioId": "5OZMGMMF8Y5K",
    "linkIdentifier": "49463554",
    "text": "Iams Proactive Health Chicken Dry Cat Food, 3.5 lb Bag",
    "href": "/ip/Iams-Proactive-Health-Chicken-Dry-Cat-Food-3-5-Lb-Bag/49463554?classType=VARIANT&selectedSellerId=0",
    "currentPrice": "current price $10.98",
    "pricePerOz": "$3.14/lb",
    "pickup": "Pickup at a nearby store",
    "delivery": "Shipping, arrives tomorrow",
    "shipping": "N/A"
  },
  {
    "ioId": "6ZHT3AV1I2CK",
    "linkIdentifier": "3820547663",
    "text": "Avia Women's Air Athletic Sneakers, Sizes 6-11",
    "href": "/ip/Avia-Women-s-Air-Athletic-Sneakers-Sizes-6-11/3820547663?classType=VARIANT&selectedSellerId=0",
    "currentPrice": "current price $22.98",
    "pricePerOz": "N/A",
    "pickup": "Pickup at a nearby store",
    "delivery": "Shipping, arrives in 3+ days",
    "shipping": "N/A"
  },
  {
    "ioId": "44PDVITYSSTC",
    "linkIdentifier": "197346659",
    "text": "Glad ForceFlex Heavy Duty Large Drawstring Trash Bags, Hold 80+ Pounds, 30 Gallon, 40 Count",
    "href": "/ip/Glad-ForceFlex-Large-Trash-Bags-30-Gallon-40-Bags-Unscented/197346659?classType=VARIANT&selectedSellerId=0",
    "currentPrice": "current price $14.47",
    "pricePerOz": "36.2 ¢/count",
    "pickup": "Pickup today",
    "delivery": "Delivery today",
    "shipping": "Shipping, arrives tomorrow"
  },
  {
    "ioId": "3AOPRDTLL539",
    "linkIdentifier": "1728014700",
    "text": "Scrubstar Women's Core Essentials Sweetheart V-Neck Scrub Top, Sizes XS-3L",
    "href": "/ip/Scrubstar-Women-s-Core-Essentials-Sweetheart-V-Neck-Scrub-Top/1728014700?classType=VARIANT&selectedSellerId=0",
    "currentPrice": "current price $13.96",
    "pricePerOz": "N/A",
    "pickup": "Pickup today",
    "delivery": "Delivery today",
    "shipping": "Shipping, arrives tomorrow"
  },
  {
    "ioId": "6H5ZNY8F3YDI",
    "linkIdentifier": "594894176",
    "text": "Native Deodorant, Aluminum Free, Coconut & Vanilla, Deodorant for Women and Men, 2.65 oz",
    "href": "/ip/Native-Deodorant-Coconut-Vanilla-Aluminum-Free-for-Women-and-Men-2-65-oz/594894176?classType=VARIANT&selectedSellerId=0",
    "currentPrice": "current price $12.97",
    "pricePerOz": "$4.89/oz",
    "pickup": "Pickup today",
    "delivery": "Delivery today",
    "shipping": "Shipping, arrives tomorrow"
  },
  {
    "ioId": "3NFAM62JRRI9",
    "linkIdentifier": "5440455972",
    "text": "Wrangler® Men's Stretch Taper Leg Regular Fit Cargo Pant",
    "href": "/ip/Wrangler-Men-s-Stretch-Taper-Leg-Regular-Fit-Cargo-Pant/5440455972?classType=VARIANT&selectedSellerId=0",
    "currentPrice": "current price $23.80",
    "pricePerOz": "N/A",
    "pickup": "Shipping, arrives tomorrow",
    "delivery": "N/A",
    "shipping": "N/A"
  },
  {
    "ioId": "40LX5C6TEG4J",
    "linkIdentifier": "553332207",
    "text": "Orgain Organic Vegan 21g Protein Powder, Plant Based Shake Drink, Vanilla Bean 1.02lb",
    "href": "/ip/Orgain-Organic-Plant-Based-Protein-Powder-Sweet-Vanilla-Bean/553332207?classType=VARIANT&selectedSellerId=0",
    "currentPrice": "current price $19.98",
    "pricePerOz": "$1.25/oz",
    "pickup": "Pickup today",
    "delivery": "Delivery today",
    "shipping": "Shipping, arrives tomorrow"
  },
  {
    "ioId": "3HR9JBTNZWFM",
    "linkIdentifier": "121517545",
    "text": "Mainstays Dylan Solid Diamond Olefin Blue Indoor Area Rug, 5' x 7'",
    "href": "/ip/Mainstays-Dylan-Solid-Diamond-Olefin-Blue-Indoor-Area-Rug-5-x-7/121517545?classType=VARIANT&selectedSellerId=0",
    "currentPrice": "current price $72.88",
    "pricePerOz": "N/A",
    "pickup": "Free shipping, arrives in 3+ days",
    "delivery": "N/A",
    "shipping": "N/A"
  },
  {
    "ioId": "6CFU81788TIH",
    "linkIdentifier": "17182448",
    "text": "Puffs Ultra Soft Facial Tissues, 6 Family Size Boxes, 124 Facial Tissues per Box",
    "href": "/ip/Puffs-Ultra-Soft-Strong-Facial-Tissues-6-Family-Boxes-124-Tissues-per-Box/17182448?classType=REGULAR&selectedSellerId=0",
    "currentPrice": "current price $9.98",
    "pricePerOz": "$1.34/100 ct",
    "pickup": "Pickup at a nearby store",
    "delivery": "Shipping, arrives tomorrow",
    "shipping": "N/A"
  },
  {
    "ioId": "3QVMYVO8U4RN",
    "linkIdentifier": "186268567",
    "text": "Ben Hogan Men's & Big Men's Performance Easy Care Solid Short Sleeve Polo Shirt, up to 5XL",
    "href": "/ip/Ben-Hogan-Men-s-Big-Men-s-Performance-Easy-Care-Solid-Short-Sleeve-Polo-Shirt-up-to-5XL/186268567?classType=VARIANT&selectedSellerId=0",
    "currentPrice": "current price $16.98",
    "pricePerOz": "N/A",
    "pickup": "Pickup today",
    "delivery": "Shipping, arrives tomorrow",
    "shipping": "N/A"
  },
  {
    "ioId": "3NDRABNCFW0J",
    "linkIdentifier": "896532145",
    "text": "Vital Proteins Collagen Peptides Powder Supplement for Hair, Skin and Nails, Unflavored, 10 oz",
    "href": "/ip/Vital-Proteins-Collagen-Peptides-Supplement-Powder-Unflavored-10-oz/896532145?classType=VARIANT&selectedSellerId=0",
    "currentPrice": "current price $22.97",
    "pricePerOz": "$2.30/oz",
    "pickup": "Pickup today",
    "delivery": "Delivery today",
    "shipping": "Shipping, arrives tomorrow"
  },
  {
    "ioId": "7ANA6B08QWRK",
    "linkIdentifier": "764473683",
    "text": "Serta 10\" Queen Medium Tight Top Cooling Gel Memory Foam Mattress - Fiberglass Free",
    "href": "/ip/Serta-EZ-Tote-10-Cooling-Gel-Memory-Foam-Mattress-in-a-Box-Queen/764473683?classType=VARIANT&selectedSellerId=0",
    "currentPrice": "current price $378.00",
    "pricePerOz": "N/A",
    "pickup": "Free pickup today",
    "delivery": "Delivery today",
    "shipping": "Free shipping, arrives tomorrow"
  },
  {
    "ioId": "6S7SEIR0UND3",
    "linkIdentifier": "14651715",
    "text": "Venus Sensitive Women's 3 Blade Disposable Razor, 3 count, Pink",
    "href": "/ip/Gillette-Venus-Sensitive-Disposable-Razors-3-count/14651715?classType=VARIANT&selectedSellerId=0",
    "currentPrice": "current price $7.28",
    "pricePerOz": "N/A",
    "pickup": "Pickup today",
    "delivery": "Delivery today",
    "shipping": "Shipping, arrives tomorrow"
  },
  {
    "ioId": "53F1LK2HTZEF",
    "linkIdentifier": "562513928",
    "text": "Goodyear Reliant 225/55R19 99V All-Season Tire",
    "href": "/ip/Goodyear-Reliant-All-Season-225-55R19-99V-All-Season-Tire/562513928?classType=REGULAR&athbdg=L1300&selectedSellerId=0",
    "currentPrice": "current price Now $130.00",
    "pricePerOz": "$145.00",
    "pickup": "Free pickup today",
    "delivery": "Free shipping, arrives in 3+ days",
    "shipping": "N/A"
  },
  {
    "ioId": "6N44ODXFV9WO",
    "linkIdentifier": "21020468",
    "text": "Libman Precision Angle Broom and Dust Pan Green / White Clean Fibers Comb",
    "href": "/ip/Libman-00206-Precision-Angle-Broom-With-Dustpan/21020468?classType=REGULAR&athbdg=L1600&selectedSellerId=0",
    "currentPrice": "current price $11.88",
    "pricePerOz": "N/A",
    "pickup": "Pickup today",
    "delivery": "Delivery today",
    "shipping": "Shipping, arrives tomorrow"
  },
  {
    "ioId": "1IO5DL4RUZIB",
    "linkIdentifier": "225142139",
    "text": "Keurig K-Elite Single-Serve K-Cup Pod Coffee Maker, Brushed Slate",
    "href": "/ip/Keurig-K-elite-Brewer-Slate/225142139?classType=VARIANT&athbdg=L1600&selectedSellerId=0",
    "currentPrice": "current price $149.00",
    "pricePerOz": "N/A",
    "pickup": "Free pickup today",
    "delivery": "Delivery today",
    "shipping": "Free shipping, arrives tomorrow"
  },
  {
    "ioId": "3CPTAKNDOPP3",
    "linkIdentifier": "191304138",
    "text": "Garnier SkinActive Micellar Cleansing Water All in 1 Makeup Remover, 23.7 fl oz",
    "href": "/ip/Garnier-SkinActive-Micellar-Cleansing-Water-All-in-1-Makeup-Remover-23-7-fl-oz/191304138?classType=VARIANT&athbdg=L1600&selectedSellerId=0",
    "currentPrice": "current price Now $11.97",
    "pricePerOz": "$13.49",
    "pickup": "Pickup today",
    "delivery": "Delivery today",
    "shipping": "Shipping, arrives tomorrow"
  },
  {
    "ioId": "2EFIPF213QE7",
    "linkIdentifier": "275777816",
    "text": "iFLY Hardside Fibertech Luggage 28\" Checked Luggage, Rose Gold",
    "href": "/ip/iFLY-Hardside-Fibertech-Luggage-28-Checked-Luggage-Rose-Gold/275777816?classType=VARIANT&athbdg=L1600&selectedSellerId=0",
    "currentPrice": "current price Now $78.00",
    "pricePerOz": "$88.00",
    "pickup": "Free pickup today",
    "delivery": "Delivery today",
    "shipping": "Free shipping, arrives tomorrow"
  },
  {
    "ioId": "1E16X0TJX2KY",
    "linkIdentifier": "51254136",
    "text": "Hefty Ultra Strong 13 gallon Trash Bags, Tall Kitchen Trash Bags, Blackout, Clean Burst Scent, 40 Bags",
    "href": "/ip/Hefty-Ultra-Strong-Blackout-Clean-Burst-Tall-Kitchen-Drawstring-Trash-Bags-13-gal-40-count/51254136?classType=VARIANT&athbdg=L1600&selectedSellerId=0",
    "currentPrice": "current price $8.54",
    "pricePerOz": "21.4 ¢/count",
    "pickup": "Pickup today",
    "delivery": "Delivery today",
    "shipping": "N/A"
  },
  {
    "ioId": "1H75XDUBFX2G",
    "linkIdentifier": "5596507277",
    "text": "Ozark Trail 40 oz Insulated Stainless Steel Tumbler with Handle, Beige",
    "href": "/ip/Ozark-Trail-40-Oz-Insulated-Stainless-Steel-Tumbler-With-Handle-Beige/5596507277?classType=VARIANT&athbdg=L1600&selectedSellerId=0",
    "currentPrice": "current price Now $9.00",
    "pricePerOz": "$14.97",
    "pickup": "Pickup today",
    "delivery": "Delivery today",
    "shipping": "Shipping, arrives tomorrow"
  },
  {
    "ioId": "4Z7YTW3I3Q45",
    "linkIdentifier": "319247112",
    "text": "Purina Friskies Ocean Of Delight Gravy Variety Pack, Wet Cat Food, 5.5 oz Cans, 40 Pack",
    "href": "/ip/Purina-Friskies-Ocean-Of-Delight-Gravy-Wet-Cat-Food-Variety-Pack-5-5-oz-Cans-40-Pack/319247112?classType=VARIANT&selectedSellerId=0",
    "currentPrice": "current price $29.48",
    "pricePerOz": "13.4 ¢/oz",
    "pickup": "Pickup today",
    "delivery": "Delivery today",
    "shipping": "Shipping, arrives tomorrow"
  },
  {
    "ioId": "4DC08OIU3WIF",
    "linkIdentifier": "430662380",
    "text": "Goodyear Wrangler Authority A/T 275/65R18 116S All-Terrain Tire",
    "href": "/ip/Goodyear-Wrangler-Authority-A-T-275-65R18-116S-All-Terrain-Tire/430662380?classType=REGULAR&athbdg=L1600&selectedSellerId=0",
    "currentPrice": "current price $180.00",
    "pricePerOz": "N/A",
    "pickup": "Pickup at a nearby store",
    "delivery": "Free shipping, arrives in 3+ days",
    "shipping": "N/A"
  },
  {
    "ioId": "6FH8X0VV4FK0",
    "linkIdentifier": "14071268",
    "text": "Gillette Fusion5 Razor Blade Refill ,Manual Razor Men , 4 count",
    "href": "/ip/Gillette-Fusion-Power-Cartridges-4-count/14071268?classType=VARIANT&athbdg=L1600&selectedSellerId=0",
    "currentPrice": "current price $17.97",
    "pricePerOz": "$4.49/count",
    "pickup": "Pickup at a nearby store",
    "delivery": "Shipping, arrives tomorrow",
    "shipping": "N/A"
  },
  {
    "ioId": "40WMECLYBAOL",
    "linkIdentifier": "1208886629",
    "text": "Fitvids LX750 Multifunctional Full Home Gym System Workout Station with 122.5 Lbs Weight Stack, One Station, Comes with Installation Instruction Video, Ships in 5 Boxes",
    "href": "/ip/Fitvids-LX750-Home-Gym-System-Workout-Station-330-Lbs-Resistance-122-5-Weight-Stack-One-Station-Comes-Installation-Instruction-Video-Ships-5-Boxes/1208886629?classType=VARIANT&athbdg=L1700&selectedSellerId=0",
    "currentPrice": "current price Now $284.88",
    "pricePerOz": "$499.99",
    "pickup": "Free shipping, arrives in 2 days",
    "delivery": "N/A",
    "shipping": "N/A"
  },
  {
    "ioId": "31XAIJLULY6P",
    "linkIdentifier": "154043552",
    "text": "Equate Options Women's Incontinence Pads, Unscented, Overnight (120 Count)",
    "href": "/ip/Equate-Options-Women-s-Incontinence-Pads-Unscented-Ultimate-Absorbency-Extra-Coverage-120-Count/154043552?classType=VARIANT&selectedSellerId=0",
    "currentPrice": "current price $33.24",
    "pricePerOz": "27.7 ¢/count",
    "pickup": "Shipping, arrives tomorrow",
    "delivery": "N/A",
    "shipping": "N/A"
  },
  {
    "ioId": "4IM3B33VQEOO",
    "linkIdentifier": "579957630",
    "text": "SAMSUNG 32\" Class Curved Full HD (1,920 x 1,080) Monitor - LC32R500FHNXZA",
    "href": "/ip/SAMSUNG-32-Class-Curved-Full-HD-1-920-x-1-080-Monitor-LC32R500FHNXZA/579957630?classType=REGULAR&selectedSellerId=0",
    "currentPrice": "current price Now $179.00",
    "pricePerOz": "$199.00",
    "pickup": "Pickup at a nearby store",
    "delivery": "Free shipping, arrives tomorrow",
    "shipping": "N/A"
  },
  {
    "ioId": "1UZHRYIY2M4I",
    "linkIdentifier": "10453307",
    "text": "L'Oreal Paris Excellence Creme Permanent Hair Color, 5 Medium Brown, Triple Protection, 1 Kit",
    "href": "/ip/L-Oreal-Paris-Excellence-Creme-Triple-Protection-Hair-Color-5-Natural-Medium-Brown/10453307?classType=VARIANT&selectedSellerId=0",
    "currentPrice": "current price $10.97",
    "pricePerOz": "N/A",
    "pickup": "Pickup today",
    "delivery": "Delivery today",
    "shipping": "Shipping, arrives tomorrow"
  },
  {
    "ioId": "3QIVI1SSX30N",
    "linkIdentifier": "5272829709",
    "text": "Better Homes & Gardens Papasan Chair, Grey Linen",
    "href": "/ip/Better-Homes-Gardens-Papasan-Chair-Grey-Linen/5272829709?classType=VARIANT&selectedSellerId=0",
    "currentPrice": "current price $158.00",
    "pricePerOz": "N/A",
    "pickup": "Free pickup today",
    "delivery": "Delivery today",
    "shipping": "Free shipping, arrives tomorrow"
  },
  {
    "ioId": "5NQ7WXQFR7LZ",
    "linkIdentifier": "835521696",
    "text": "Garnier SkinActive Micellar Cleansing Water All in 1 Removes Waterproof Makeup, 13.5 fl oz",
    "href": "/ip/Garnier-SkinActive-Micellar-Cleansing-Water-All-in-1-Removes-Waterproof-Makeup-13-5-fl-oz/835521696?classType=VARIANT&selectedSellerId=0",
    "currentPrice": "current price Now $8.97",
    "pricePerOz": "$10.49",
    "pickup": "Pickup today",
    "delivery": "Delivery today",
    "shipping": "Shipping, arrives tomorrow"
  },
  {
    "ioId": "74YV3Q5S4OO0",
    "linkIdentifier": "1883250003",
    "text": "Apple Pencil (1st Generation): Pixel-Perfect Precision and Industry-Leading Low Latency, Perfect for Note-Taking, Drawing, and Signing Documents",
    "href": "/ip/Apple-Pencil-1st-Generation-Pixel-Perfect-Precision-and-Industry-Leading-Low-Latency-Perfect-for-Note-Taking-Drawing-and-Signing-documents/1883250003?classType=REGULAR&selectedSellerId=0",
    "currentPrice": "current price Now $79.00",
    "pricePerOz": "$99.00",
    "pickup": "Free pickup today",
    "delivery": "Delivery today",
    "shipping": "Free shipping, arrives tomorrow"
  },
  {
    "ioId": "6J7JHUHNDXMR",
    "linkIdentifier": "43549171",
    "text": "Greenies Pill Pockets for Dogs Pill Maskers Size Dry Chicken Dog Treats, 15.8 oz Pouch",
    "href": "/ip/Greenies-Pill-Pockets-Capsules-Chicken-All-Stages-Dog-Treats-60-Ct/43549171?classType=VARIANT&selectedSellerId=0",
    "currentPrice": "current price $17.98",
    "pricePerOz": "$1.14/oz",
    "pickup": "Pickup today",
    "delivery": "Delivery today",
    "shipping": "Shipping, arrives tomorrow"
  },
  {
    "ioId": "5Z3BD4M4IL45",
    "linkIdentifier": "20470615",
    "text": "Space Solutions 3 Drawer Letter Width Vertical File Cabinet with Pencil Drawer, Black",
    "href": "/ip/Space-Solutions-3-Drawer-Letter-Width-Vertical-File-Cabinet-with-Pencil-Drawer-Black/20470615?classType=VARIANT&athbdg=L1300&selectedSellerId=0",
    "currentPrice": "current price Now $59.97",
    "pricePerOz": "$69.00",
    "pickup": "Free pickup today",
    "delivery": "Delivery today",
    "shipping": "Free shipping, arrives tomorrow"
  },
  {
    "ioId": "62OGG1SY05AH",
    "linkIdentifier": "980521874",
    "text": "Always Discreet Incontinence Pads, Moderate Absorbency, Regular Length, 66 CT",
    "href": "/ip/Always-Discreet-Incontinence-Pads-Moderate-Absorbency-Regular-Length-66-CT/980521874?classType=VARIANT&selectedSellerId=0",
    "currentPrice": "current price $14.97",
    "pricePerOz": "22.7 ¢/count",
    "pickup": "Pickup today",
    "delivery": "Delivery today",
    "shipping": "Shipping, arrives tomorrow"
  },
  {
    "ioId": "3WY75K71OWQR",
    "linkIdentifier": "3283763315",
    "text": "MLILY Essence Sleep 6\" Twin, Memory Foam Mattress",
    "href": "/ip/MLILY-Essence-Sleep-6-Twin-Size-Memory-Foam-Mattress/3283763315?classType=VARIANT&athbdg=L1700&selectedSellerId=0",
    "currentPrice": "current price Now $76.98",
    "pricePerOz": "$198.00",
    "pickup": "Free shipping, arrives in 2 days",
    "delivery": "N/A",
    "shipping": "N/A"
  },
  {
    "ioId": "6I4SVB6SXNGK",
    "linkIdentifier": "109791149",
    "text": "OLLY Probiotic + Prebiotic Fiber Gummy, Digestive + Gut Health Supplement, Peach, 30 Ct",
    "href": "/ip/OLLY-Probiotic-Prebiotic-Fiber-Gummy-Digestive-Gut-Health-Supplement-Peach-30-Ct/109791149?classType=VARIANT&selectedSellerId=0",
    "currentPrice": "current price $12.56",
    "pricePerOz": "41.9 ¢/count",
    "pickup": "Pickup today",
    "delivery": "Delivery today",
    "shipping": "Shipping, arrives tomorrow"
  },
  {
    "ioId": "71ZC7TTE8LC3",
    "linkIdentifier": "495341828",
    "text": "Pre-Owned Apple iPhone 12 Mini - 64GB - Fully Unlocked - Black",
    "href": "/ip/Apple-iPhone-12-Mini-64GB-Black-Unlocked-Used-Grade-B/495341828?classType=VARIANT&selectedSellerId=4415",
    "currentPrice": "N/A",
    "pricePerOz": "N/A",
    "pickup": "Free shipping, arrives in 3+ days",
    "delivery": "N/A",
    "shipping": "N/A"
  },
  {
    "ioId": "2YL9TXV2SYPH",
    "linkIdentifier": "39881894",
    "text": "Cesar Wet Dog Food Variety Pack, 3.5 oz Trays (24 Pack)",
    "href": "/ip/Cesar-Wet-Dog-Food-Variety-Pack-3-5-Oz-Trays-24-Pack/39881894?classType=VARIANT&athbdg=L1300&selectedSellerId=0",
    "currentPrice": "current price Now $22.96",
    "pricePerOz": "$27.96",
    "pickup": "Pickup today",
    "delivery": "Delivery today",
    "shipping": "Shipping, arrives tomorrow"
  },
  {
    "ioId": "68FJWKTHWQBS",
    "linkIdentifier": "46368979",
    "text": "Cosco 6 Foot Premium Folding Table, White Speckle",
    "href": "/ip/Cosco-6-Foot-Premium-Folding-Table-In-White-Speckle/46368979?classType=VARIANT&selectedSellerId=0",
    "currentPrice": "current price Now $53.97",
    "pricePerOz": "$60.00",
    "pickup": "Free shipping, arrives in 3+ days",
    "delivery": "N/A",
    "shipping": "N/A"
  },
  {
    "ioId": "0S36IGY3YXAR",
    "linkIdentifier": "437497146",
    "text": "Tide PODS Laundry Detergent Packs, Ultra Oxi, 12 Count",
    "href": "/ip/Tide-PODS-Liquid-Laundry-Detergent-Ultra-Oxi-12-Count/437497146?classType=VARIANT&athbdg=L1300&selectedSellerId=0",
    "currentPrice": "current price Now $4.88",
    "pricePerOz": "$5.44",
    "pickup": "Pickup today",
    "delivery": "Delivery today",
    "shipping": "N/A"
  },
  {
    "ioId": "5TEPUZJB6LFN",
    "linkIdentifier": "1678736038",
    "text": "Mainstays Memory Foam Futon with 72\",Black",
    "href": "/ip/Mainstays-Memory-Foam-Futon-Black-Faux-Suede/1678736038?classType=VARIANT&athbdg=L1300&selectedSellerId=0",
    "currentPrice": "current price Now $174.00",
    "pricePerOz": "$198.00",
    "pickup": "Free shipping, arrives tomorrow",
    "delivery": "N/A",
    "shipping": "N/A"
  },
  {
    "ioId": "0W3UDB541AJD",
    "linkIdentifier": "38691488",
    "text": "Mrs. Meyer’s Clean Day Multi-Surface Everyday Cleaner, Lemon Verbena Scent, 16 Ounce Bottle",
    "href": "/ip/16OZ-Lem-AP-Cleaner/38691488?classType=VARIANT&selectedSellerId=0",
    "currentPrice": "current price $5.12",
    "pricePerOz": "32.0 ¢/fl oz",
    "pickup": "Pickup today",
    "delivery": "Delivery today",
    "shipping": "N/A"
  },
  {
    "ioId": "1HQUNPMP11HK",
    "linkIdentifier": "326444571",
    "text": "Straight Talk Apple iPhone SE (2022-3rd Gen) 5G, 64GB, Starlight- Prepaid Smartphone [Locked to Straight Talk]",
    "href": "/ip/Straight-Talk-Apple-iPhone-SE-2022-3rd-Gen-5G-64GB-Starlight-Prepaid-Smartphone-Locked-to-Straight-Talk/326444571?classType=VARIANT&selectedSellerId=0",
    "currentPrice": "N/A",
    "pricePerOz": "N/A",
    "pickup": "Free shipping, arrives in 3+ days",
    "delivery": "N/A",
    "shipping": "N/A"
  },
  {
    "ioId": "49HR45S3QCDL",
    "linkIdentifier": "918898489",
    "text": "Ninja Foodi 10-in-1 6.5-Quart Pro Pressure Cooker Air Fryer Multicooker, Stainless, OS300",
    "href": "/ip/Ninja-Foodi-10-in-1-6-5-Quart-Pro-Pressure-Cooker-Air-Fryer-Multicooker-Stainless-OS300/918898489?classType=REGULAR&selectedSellerId=0",
    "currentPrice": "current price $139.00",
    "pricePerOz": "N/A",
    "pickup": "Free pickup today",
    "delivery": "Delivery today",
    "shipping": "Free shipping, arrives tomorrow"
  },
  {
    "ioId": "5O4S36Z967WP",
    "linkIdentifier": "577733634",
    "text": "Reynolds Kitchens Parchment Paper Air Fryer Liners, 50 Count",
    "href": "/ip/Reynolds-Kitchens-Air-Fryer-Liners-50-Count/577733634?classType=VARIANT&selectedSellerId=0",
    "currentPrice": "current price $3.97",
    "pricePerOz": "7.9 ¢/count",
    "pickup": "Pickup today",
    "delivery": "Delivery today",
    "shipping": "N/A"
  },
  {
    "ioId": "1RMK3R34ENZ5",
    "linkIdentifier": "724890598",
    "text": "Ninja Professional Plus Blender with Auto-iQ and 72-oz.* Total Crushing Pitcher & Lid, Black",
    "href": "/ip/Ninja-Professional-Plus-Blender-with-Auto-iQ-and-72-oz-Total-Crushing-Pitcher-Lid-BN700/724890598?classType=VARIANT&selectedSellerId=0",
    "currentPrice": "current price $88.97",
    "pricePerOz": "N/A",
    "pickup": "Free pickup today",
    "delivery": "Delivery today",
    "shipping": "Free shipping, arrives tomorrow"
  },
  {
    "ioId": "5R6AFLI6ND4X",
    "linkIdentifier": "907361253",
    "text": "5-hour ENERGY Shot, Extra Strength, Berry, 15 Count",
    "href": "/ip/5-hour-ENERGY-Shot-Extra-Strength-Berry-15-Count/907361253?classType=REGULAR&selectedSellerId=0",
    "currentPrice": "current price $31.48",
    "pricePerOz": "$1.09/fl oz",
    "pickup": "Pickup today",
    "delivery": "Delivery today",
    "shipping": "Shipping, arrives tomorrow"
  },
  {
    "ioId": "4EJRS90VK9AV",
    "linkIdentifier": "130045286",
    "text": "Equate Temple Touch 6-Second Digital Thermometer",
    "href": "/ip/Equate-Temple-Touch-6-Second-Digital-Thermometer/130045286?classType=REGULAR&selectedSellerId=0",
    "currentPrice": "current price $13.46",
    "pricePerOz": "N/A",
    "pickup": "Pickup today",
    "delivery": "Delivery today",
    "shipping": "Shipping, arrives tomorrow"
  },
  {
    "ioId": "68MGYT2DAXGK",
    "linkIdentifier": "288257767",
    "text": "LG 43” 4K UHD Smart TV 2160p webOS, 43UQ7070ZUD",
    "href": "/ip/LG-43-4K-UHD-Smart-TV-2160p-webOS-43UQ7070ZUD/288257767?classType=VARIANT&selectedSellerId=0",
    "currentPrice": "current price $248.00",
    "pricePerOz": "N/A",
    "pickup": "Pickup at a nearby store",
    "delivery": "Free shipping, arrives tomorrow",
    "shipping": "N/A"
  },
  {
    "ioId": "1B189W8B18C9",
    "linkIdentifier": "22307125",
    "text": "L'Oreal Paris Feria Shimmering Permanent Hair Color, R57 Cherry Crush (Intense Medium Auburn), 1 Kit",
    "href": "/ip/L-Oreal-Paris-Feria-Power-Shades-Haircolor/22307125?classType=VARIANT&selectedSellerId=0",
    "currentPrice": "current price $11.97",
    "pricePerOz": "N/A",
    "pickup": "Pickup today",
    "delivery": "Delivery today",
    "shipping": "Shipping, arrives tomorrow"
  },
  {
    "ioId": "7JCE95BI5UZM",
    "linkIdentifier": "199595139",
    "text": "Galanz 3.3 Cu ft One Door Mini Fridge, Black Estar, New",
    "href": "/ip/Galanz-3-3-Cu-ft-One-Door-Mini-Fridge-Black-Estar-New/199595139?classType=VARIANT&selectedSellerId=0",
    "currentPrice": "current price Now $148.00",
    "pricePerOz": "$189.99",
    "pickup": "Pickup at a nearby store",
    "delivery": "Free shipping, arrives tomorrow",
    "shipping": "N/A"
  },
  {
    "ioId": "49JPRRQPR40X",
    "linkIdentifier": "345842317",
    "text": "Affresh W10549851 Dishwasher Cleaner with 6 Tablets in Carton",
    "href": "/ip/Affresh-Dishwasher-Cleaner-Helps-Remove-Limescale-and-Odor-Causing-Residue-6-Tablets/345842317?classType=VARIANT&selectedSellerId=0",
    "currentPrice": "current price $8.98",
    "pricePerOz": "$2.14/oz",
    "pickup": "Pickup today",
    "delivery": "Delivery today",
    "shipping": "Shipping, arrives tomorrow"
  },
  {
    "ioId": "13V16Z14AMOE",
    "linkIdentifier": "23591393",
    "text": "Muscle Milk Genuine Protein Powder, Vanilla, 32g Protein, 1.9lb, 30.9oz",
    "href": "/ip/Muscle-Milk-Genuine-Protein-Powder-Vanilla-32g-Protein-1-9lb-30-9oz/23591393?classType=REGULAR&selectedSellerId=0",
    "currentPrice": "current price $23.18",
    "pricePerOz": "75.0 ¢/oz",
    "pickup": "Pickup today",
    "delivery": "Delivery today",
    "shipping": "Shipping, arrives tomorrow"
  },
  {
    "ioId": "48JCNZVXBRRM",
    "linkIdentifier": "15610357",
    "text": "Lysol Cleaning and and Disinfecting Toilet Bowl Gel, Removes Lime and Rust, Liquid, 24oz",
    "href": "/ip/Lysol-Cleaning-and-and-Disinfecting-Toilet-Bowl-Gel-Removes-Lime-and-Rust-Liquid-24oz/15610357?classType=VARIANT&selectedSellerId=101322568",
    "currentPrice": "current price $6.99",
    "pricePerOz": "29.1 ¢/fl oz",
    "pickup": "Free shipping, arrives in 3+ days",
    "delivery": "N/A",
    "shipping": "N/A"
  },
  {
    "ioId": "0TGVDQ7K3ZYN",
    "linkIdentifier": "580418435",
    "text": "Reynolds Kitchens Pop-Up Parchment Paper Sheets, 10.7 x 13.6 inches, 35 Count",
    "href": "/ip/Reynolds-Kitchens-Pop-Up-Parchment-Paper-Sheets-10-7-x-13-6-Inches-35-Count/580418435?classType=VARIANT&selectedSellerId=101262736",
    "currentPrice": "current price $9.38",
    "pricePerOz": "26.5 ¢/sq ft",
    "pickup": "Free shipping, arrives in 3+ days",
    "delivery": "N/A",
    "shipping": "N/A"
  },
  {
    "ioId": "6EOVAOD0PT41",
    "linkIdentifier": "436796992",
    "text": "Pit Boss 100% All-Natural Hardwood Hickory Blend BBQ Grilling Pellets, 20 Pound Bag",
    "href": "/ip/Pitboss-Pit-Boss-20lb-Hickory-Wood-Pellets/436796992?classType=REGULAR&athbdg=L1600&selectedSellerId=0",
    "currentPrice": "current price Now $8.97",
    "pricePerOz": "$15.99",
    "pickup": "Pickup today",
    "delivery": "Delivery today",
    "shipping": "N/A"
  },
  {
    "ioId": "0VEHZ12026Z1",
    "linkIdentifier": "51222531",
    "text": "Metamucil Fiber Supplement, Psyllium Fiber Capsules for Adults Daily Digestive Health, 300 Count",
    "href": "/ip/Metamucil-3in1-Multi-Health-Fiber-Capsules-300-count/51222531?classType=VARIANT&selectedSellerId=0",
    "currentPrice": "current price $33.98",
    "pricePerOz": "11.3 ¢/count",
    "pickup": "Pickup today",
    "delivery": "Delivery today",
    "shipping": "Shipping, arrives tomorrow"
  },
  {
    "ioId": "3JZA4UF0IDS8",
    "linkIdentifier": "787152679",
    "text": "Nintendo Switch - OLED Model with Neon Red & Neon Blue Joy-Con",
    "href": "/ip/Nintendo-Switch-OLED-Model-with-Neon-Red-Neon-Blue-Joy-Con/787152679?classType=REGULAR&selectedSellerId=489",
    "currentPrice": "current price $339.00",
    "pricePerOz": "N/A",
    "pickup": "Free shipping, arrives in 3+ days",
    "delivery": "N/A",
    "shipping": "N/A"
  },
  {
    "ioId": "4VNPMD5HPLZ4",
    "linkIdentifier": "513303607",
    "text": "Equate Meal Replacement Shakes, French Vanilla, 11 fl oz, 12 Ct",
    "href": "/ip/Equate-Meal-Replacement-Shakes-French-Vanilla-11-fl-oz-12-Ct/513303607?classType=REGULAR&selectedSellerId=0",
    "currentPrice": "current price $13.98",
    "pricePerOz": "10.6 ¢/fl oz",
    "pickup": "Pickup today",
    "delivery": "Delivery today",
    "shipping": "Shipping, arrives tomorrow"
  },
  {
    "ioId": "7ACJLD9U9HAB",
    "linkIdentifier": "390478303",
    "text": "Texas Instruments TI-84 Plus CE Graphing Calculator High School and College, Black",
    "href": "/ip/Texas-Instruments-TI-84-Plus-CE-Graphing-Calculator-High-School-and-College-Black/390478303?classType=VARIANT&athbdg=L1600&selectedSellerId=101406572",
    "currentPrice": "current price Now $104.00",
    "pricePerOz": "$149.00",
    "pickup": "Free shipping, arrives in 3+ days",
    "delivery": "N/A",
    "shipping": "N/A"
  },
  {
    "ioId": "3G5UXN6IGHEX",
    "linkIdentifier": "706144932",
    "text": "Dixie To Go Disposable Paper Cups, 12 oz, Multi-Color, 60 Count",
    "href": "/ip/Dixie-To-Go-Disposable-Paper-Cups-with-Lids-12-Fl-Oz-60-Count-Multicolor-Insulated-Non-Slip-Grip/706144932?classType=VARIANT&athbdg=L1600&selectedSellerId=0",
    "currentPrice": "current price $11.32",
    "pricePerOz": "$18.87/100 ct",
    "pickup": "Pickup at a nearby store",
    "delivery": "Shipping, arrives tomorrow",
    "shipping": "N/A"
  },
  {
    "ioId": "2J6PJGEU6SJ5",
    "linkIdentifier": "106259311",
    "text": "HP Copy & Print20, 20lb, 8.5 x 11, 1 Ream (500 Sheets)",
    "href": "/ip/HP-Copy-Print20-20lb-8-5-x-11-1-Ream-500-Sheets/106259311?classType=REGULAR&athbdg=L1300&selectedSellerId=0",
    "currentPrice": "current price Now $6.88",
    "pricePerOz": "$7.66",
    "pickup": "Pickup today",
    "delivery": "Delivery today",
    "shipping": "Shipping, arrives tomorrow"
  },
  {
    "ioId": "0U9PTTIKIVK4",
    "linkIdentifier": "178482067",
    "text": "Purina Tidy Cats Lightweight Clumping Cat Litter, Unscented, Low Dust, Odor Control, 17 lb Pail",
    "href": "/ip/Purina-Tidy-Cats-LightWeight-Clumping-Cat-Litter-Unscented-Low-Dust-Odor-Control-17-lb-Pail/178482067?classType=REGULAR&selectedSellerId=0",
    "currentPrice": "current price $26.98",
    "pricePerOz": "$1.59/lb",
    "pickup": "Pickup at a nearby store",
    "delivery": "Shipping, arrives tomorrow",
    "shipping": "N/A"
  },
  {
    "ioId": "5ICWVAGKMVNN",
    "linkIdentifier": "301887433",
    "text": "Shark Air Purifier with Nanoseal HEPA, Cleansense IQ, Odor Lock,n500 Sq. ft, Charcoal Grey, HP100",
    "href": "/ip/Shark-Air-Purifier-with-Nanoseal-HEPA-Cleansense-IQ-Odor-Lock-n500-Sq-ft-Charcoal-Grey-HP100/301887433?classType=VARIANT&athbdg=L1600&selectedSellerId=0",
    "currentPrice": "current price Now $149.00",
    "pricePerOz": "$189.00",
    "pickup": "Free pickup today",
    "delivery": "Delivery today",
    "shipping": "Free shipping, arrives tomorrow"
  },
  {
    "ioId": "4N833LBZLPIF",
    "linkIdentifier": "33964799",
    "text": "Secret Clinical Antiperspirant and Deodorant for Women Clear Gel, Completely Clean, 2.6 oz",
    "href": "/ip/Secret-Clinical-Strength-Clear-Gel-Antiperspirant-and-Deodorant-Completely-Clean-2-6-oz/33964799?classType=VARIANT&selectedSellerId=0",
    "currentPrice": "current price $12.97",
    "pricePerOz": "$4.99/oz",
    "pickup": "Pickup today",
    "delivery": "Delivery today",
    "shipping": "Shipping, arrives tomorrow"
  },
  {
    "ioId": "21QYKE551WJ0",
    "linkIdentifier": "368523003",
    "text": "Peanut & Sunflower Wild Bird Feed and Seed, Dry, 1 Count per Pack, 20 lb. Bag",
    "href": "/ip/Peanut-Sunflower-Wild-Bird-Feed-and-Seed-Dry-1-Count-per-Pack-20-lb-Bag/368523003?classType=VARIANT&athbdg=L1600&selectedSellerId=0",
    "currentPrice": "current price $17.97",
    "pricePerOz": "89.9 ¢/lb",
    "pickup": "Pickup at a nearby store",
    "delivery": "Shipping, arrives tomorrow",
    "shipping": "N/A"
  },
  {
    "ioId": "5T2FDE0UR66G",
    "linkIdentifier": "10312350",
    "text": "Lil Critters Gummy Vites Daily Gummy Multivitamin for Kids, Vitamin C, D3 for Immune Support Cherry, Strawberry, Orange, Pineapple and Blueberry Flavors, 190 Gummies",
    "href": "/ip/Lil-Critter-Gummy-Vites-Multi-Vitamin-190-ct/10312350?classType=REGULAR&athbdg=L1600&selectedSellerId=0",
    "currentPrice": "current price $11.53",
    "pricePerOz": "6.1 ¢/count",
    "pickup": "Pickup today",
    "delivery": "Delivery today",
    "shipping": "Shipping, arrives tomorrow"
  },
  {
    "ioId": "1JMRGEWHPTK8",
    "linkIdentifier": "776511338",
    "text": "Pennington Select Sunflower Chips, Dry Wild Bird Food and Seed, 5 lb. Bag, 1 Pack",
    "href": "/ip/Pennington-Select-Sunflower-Chips-Dry-Wild-Bird-Food-and-Seed-5-lb-Bag-1-Pack/776511338?classType=VARIANT&athbdg=L1600&selectedSellerId=0",
    "currentPrice": "current price $13.98",
    "pricePerOz": "$2.80/lb",
    "pickup": "Pickup today",
    "delivery": "Delivery today",
    "shipping": "Shipping, arrives tomorrow"
  },
  {
    "ioId": "67OM0JDJB58I",
    "linkIdentifier": "16532731",
    "text": "Depend Fresh Protection Incontinence Underwear for Women, Adult Diapers, L, 28 Count",
    "href": "/ip/Depend-for-Women-Underwear-Maximum-Absorbency-Large-28-Count/16532731?classType=VARIANT&selectedSellerId=0",
    "currentPrice": "current price $21.48",
    "pricePerOz": "76.7 ¢/ea",
    "pickup": "Pickup today",
    "delivery": "Delivery today",
    "shipping": "Shipping, arrives tomorrow"
  },
  {
    "ioId": "27MEHPF8DV1R",
    "linkIdentifier": "166556363",
    "text": "Hyper Tough 1.5 Gallon 2 Peak HP Poly Wet/Dry Vacuum, VH105 3502, New",
    "href": "/ip/Hyper-Tough-1-5-Gallon-2-Peak-HP-Poly-Wet-Dry-Vacuum-VH105-3502-New/166556363?classType=REGULAR&selectedSellerId=0",
    "currentPrice": "current price $29.68",
    "pricePerOz": "N/A",
    "pickup": "Pickup today",
    "delivery": "Delivery today",
    "shipping": "Shipping, arrives tomorrow"
  },
  {
    "ioId": "45H0XRRT1I8H",
    "linkIdentifier": "17179640",
    "text": "Enfamil A.R. Powder Baby Formula, Reduces Frequent Spit-Up, 12.9 oz Can",
    "href": "/ip/Enfamil-A-R-Powder-Baby-Formula-Designed-to-Reduce-Frequent-Spit-Up-in-1-Week-12-9-Oz-Can/17179640?classType=VARIANT&selectedSellerId=0",
    "currentPrice": "current price $26.97",
    "pricePerOz": "$2.09/oz",
    "pickup": "Pickup today",
    "delivery": "Delivery today",
    "shipping": "Shipping, arrives tomorrow"
  },
  {
    "ioId": "21HCF8REY01D",
    "linkIdentifier": "23636902",
    "text": "Mobil 1 FS European Car Formula Full Synthetic Motor Oil 0W-40, 5 Quart",
    "href": "/ip/Mobil-1-FS-European-Car-Formula-Full-Synthetic-Motor-Oil-0W-40-5-Quart/23636902?classType=VARIANT&selectedSellerId=0",
    "currentPrice": "current price $27.97",
    "pricePerOz": "$5.59/qt",
    "pickup": "Pickup today",
    "delivery": "Delivery today",
    "shipping": "Shipping, arrives tomorrow"
  },
  {
    "ioId": "4WT6R5MJUNGY",
    "linkIdentifier": "15724005",
    "text": "Libman Tornado Mop Cotton Blend Twist Mop",
    "href": "/ip/Libman-Tornado-Mop/15724005?classType=REGULAR&selectedSellerId=0",
    "currentPrice": "current price $11.34",
    "pricePerOz": "N/A",
    "pickup": "Pickup today",
    "delivery": "Delivery today",
    "shipping": "Shipping, arrives tomorrow"
  },
  {
    "ioId": "18TRY7SER6MH",
    "linkIdentifier": "682007122",
    "text": "Wrangler Men's Carpenter Jean with Flex",
    "href": "/ip/Wrangler-Men-s-Carpenter-Jean-with-Flex/682007122?classType=VARIANT&selectedSellerId=0",
    "currentPrice": "current price $28.98",
    "pricePerOz": "N/A",
    "pickup": "Pickup today",
    "delivery": "Delivery today",
    "shipping": "Shipping, arrives tomorrow"
  },
  {
    "ioId": "74B1OEBZT0O3",
    "linkIdentifier": "602853507",
    "text": "Spring Valley Rapid-Release CoQ10, 100 mg Softgels, 120 Count",
    "href": "/ip/Spring-Valley-Rapid-Release-CoQ10-100-mg-Softgels-120-Count/602853507?classType=VARIANT&selectedSellerId=0",
    "currentPrice": "current price $16.67",
    "pricePerOz": "13.9 ¢/count",
    "pickup": "Pickup today",
    "delivery": "Delivery today",
    "shipping": "Shipping, arrives tomorrow"
  },
  {
    "ioId": "77ENXIHQV495",
    "linkIdentifier": "5265054311",
    "text": "Better Homes & Gardens 3-Piece 400 Thread Count Almond Biscuit Performance HygroCotton Sheet Set, Twin",
    "href": "/ip/Better-Homes-Gardens-3-Piece-400-Thread-Count-Almond-Biscuit-Performance-HygroCotton-Sheet-Set-Twin/5265054311?classType=VARIANT&selectedSellerId=0",
    "currentPrice": "current price $31.97",
    "pricePerOz": "$31.97/count",
    "pickup": "Shipping, arrives in 3+ days",
    "delivery": "N/A",
    "shipping": "N/A"
  },
  {
    "ioId": "3FP6YR1GZB37",
    "linkIdentifier": "325105830",
    "text": "Depend Fresh Protection Incontinence Underwear for Men, Adult Diapers, XL, 26 Count",
    "href": "/ip/Depend-Uw-Men-Extra-Large-26ct/325105830?classType=VARIANT&selectedSellerId=0",
    "currentPrice": "current price $21.48",
    "pricePerOz": "82.6 ¢/ea",
    "pickup": "Pickup today",
    "delivery": "Delivery today",
    "shipping": "Shipping, arrives tomorrow"
  },
  {
    "ioId": "1ILPLLUQQNI9",
    "linkIdentifier": "181236405",
    "text": "Shell Rotella T4 Triple Protection 15W-40 Diesel Engine Oil, 1 Gallon",
    "href": "/ip/RotT4TriProt15W40CJ4-3-1ugl-A0II/181236405?classType=VARIANT&selectedSellerId=0",
    "currentPrice": "current price $15.98",
    "pricePerOz": "12.5 ¢/fl oz",
    "pickup": "Pickup today",
    "delivery": "Delivery today",
    "shipping": "Shipping, arrives tomorrow"
  },
  {
    "ioId": "65MB4KWB7Y3O",
    "linkIdentifier": "20682687",
    "text": "Poise Incontinence Pads for Women, 6 Drop Ultimate Absorbency, Regular Length, 33 Count",
    "href": "/ip/Poise-Incontinence-Pads-Postpartum-Incontinence-Pads-6-Drop-Ultimate-Absorbency-Regular-Length-33-Count/20682687?classType=VARIANT&selectedSellerId=0",
    "currentPrice": "current price Now $14.88",
    "pricePerOz": "$24.95",
    "pickup": "Pickup at a nearby store",
    "delivery": "Shipping, arrives tomorrow",
    "shipping": "N/A"
  },
  {
    "ioId": "1YE819Y22ZOH",
    "linkIdentifier": "296197495",
    "text": "INVICTA Pro Diver Mens 40mm Two Tone Quartz Metal bracelet Watch",
    "href": "/ip/Invicta-Pro-Diver-Mens-40mm-Two-Tone-Quartz-Metal-bracelet-Watch/296197495?classType=VARIANT&athbdg=L1300&selectedSellerId=0",
    "currentPrice": "current price Now $38.98",
    "pricePerOz": "$95.25",
    "pickup": "Free shipping, arrives in 3+ days",
    "delivery": "N/A",
    "shipping": "N/A"
  },
  {
    "ioId": "4UTWLWV5AGDJ",
    "linkIdentifier": "41126739",
    "text": "Cosco Kids Scenera NEXT Convertible Car Seat, Otto,Infant & Toddler, Unisex",
    "href": "/ip/Cosco-Kids-Scenera-NEXT-Convertible-Car-Seat-Otto/41126739?classType=VARIANT&selectedSellerId=0",
    "currentPrice": "current price $59.98",
    "pricePerOz": "N/A",
    "pickup": "Free shipping, arrives in 2 days",
    "delivery": "N/A",
    "shipping": "N/A"
  },
  {
    "ioId": "6D4XFS8ER2V9",
    "linkIdentifier": "408686916",
    "text": "HTH Pool Care Shock Advanced for Swimming Pools, Granules, 6 Pack, 1 lb",
    "href": "/ip/HTH-Pool-Care-Shock-Advanced-for-Swimming-Pools-Granules-6-Pack-1-lb/408686916?classType=VARIANT&selectedSellerId=0",
    "currentPrice": "current price Now $24.99",
    "pricePerOz": "$29.99",
    "pickup": "Pickup today",
    "delivery": "Delivery today",
    "shipping": "Shipping, arrives tomorrow"
  },
  {
    "ioId": "7G1YBDKHWVA8",
    "linkIdentifier": "16532737",
    "text": "Depend Fresh Protection Incontinence Underwear for Women, Adult Diapers, XL, 26 Count",
    "href": "/ip/Depend-Fresh-Protection-Women-s-Incontinence-Postpartum-Bladder-Leak-Underwear-XL-26-Count/16532737?classType=VARIANT&selectedSellerId=0",
    "currentPrice": "current price $21.48",
    "pricePerOz": "82.6 ¢/ea",
    "pickup": "Pickup today",
    "delivery": "Delivery today",
    "shipping": "Shipping, arrives tomorrow"
  },
  {
    "ioId": "6G32CLTPC068",
    "linkIdentifier": "675305191",
    "text": "Way to Celebrate Clear Party Treat Bags With Twist Ties, 20 Count",
    "href": "/ip/Way-to-Celebrate-Clear-Party-Treat-Bags-With-Twist-Ties-20-Count/675305191?classType=VARIANT&selectedSellerId=0",
    "currentPrice": "current price $0.97",
    "pricePerOz": "$4.85/100 ct",
    "pickup": "Pickup today",
    "delivery": "Delivery today",
    "shipping": "N/A"
  },
  {
    "ioId": "286XUCDWILT4",
    "linkIdentifier": "15148930",
    "text": "Nautica Voyage Cologne for Men, 3.4 fl oz",
    "href": "/ip/Nautica-Voyage-Eau-de-Toilette-Spray-Cologne-for-Men-3-4-Oz/15148930?classType=REGULAR&selectedSellerId=0",
    "currentPrice": "current price Now $12.36",
    "pricePerOz": "$62.50",
    "pickup": "Shipping, arrives in 3+ days",
    "delivery": "N/A",
    "shipping": "N/A"
  },
  {
    "ioId": "4U2FCCLNKIS8",
    "linkIdentifier": "881114858",
    "text": "Mainstays Parsons Coffee Table, Black",
    "href": "/ip/Mainstays-Parsons-Coffee-Table-Black/881114858?classType=VARIANT&athbdg=L1300&selectedSellerId=0",
    "currentPrice": "current price Now $29.88",
    "pricePerOz": "$34.88",
    "pickup": "Pickup today",
    "delivery": "Delivery today",
    "shipping": "Shipping, arrives tomorrow"
  },
  {
    "ioId": "5W93P0LURKCN",
    "linkIdentifier": "46261992",
    "text": "Zicam Cold Remedy Cold Shortening Medicated Nasal Swabs Zinc-Free, 20 Count",
    "href": "/ip/Zicam-Cold-Remedy-Plus-Multi-Symptoms-Relief-Nasal-Swabs-with-Cooling-Menthol-Eucalyptus-20-count/46261992?classType=REGULAR&selectedSellerId=0",
    "currentPrice": "current price $10.98",
    "pricePerOz": "54.9 ¢/count",
    "pickup": "Pickup today",
    "delivery": "Delivery today",
    "shipping": "Shipping, arrives tomorrow"
  },
  {
    "ioId": "1R0NQO4HPRQ2",
    "linkIdentifier": "577366430",
    "text": "Lee Women's Mid-Rise Bootcut Jean",
    "href": "/ip/Lee-Women-s-Mid-Rise-Bootcut-Jean/577366430?classType=VARIANT&selectedSellerId=0",
    "currentPrice": "current price $24.98",
    "pricePerOz": "N/A",
    "pickup": "Pickup today",
    "delivery": "Delivery today",
    "shipping": "Shipping, arrives tomorrow"
  },
  {
    "ioId": "59BFFLYEFMCW",
    "linkIdentifier": "1541354514",
    "text": "Parent's Choice Sensitivity Infant Formula Powder with Iron; for Fussiness and Gas, 32.8 oz Canister",
    "href": "/ip/Parent-s-Choice-Sensitivity-Infant-Formula-Powder-with-Iron-for-Fussiness-and-Gas-32-8-oz-Canister/1541354514?classType=VARIANT&selectedSellerId=0",
    "currentPrice": "current price $26.98",
    "pricePerOz": "82.3 ¢/oz",
    "pickup": "Pickup today",
    "delivery": "Delivery today",
    "shipping": "Shipping, arrives tomorrow"
  },
  {
    "ioId": "5PDV1KZZA7WP",
    "linkIdentifier": "306751740",
    "text": "Beautiful 6-Speed Electric Hand Mixer, White Icing by Drew Barrymore",
    "href": "/ip/Beautiful-6-Speed-Electric-Hand-Mixer-White-Icing-by-Drew-Barrymore/306751740?classType=VARIANT&selectedSellerId=0",
    "currentPrice": "current price $29.97",
    "pricePerOz": "N/A",
    "pickup": "Pickup at a nearby store",
    "delivery": "Shipping, arrives tomorrow",
    "shipping": "N/A"
  },
  {
    "ioId": "6BDNKF5R83LS",
    "linkIdentifier": "38437922",
    "text": "Bona Hardwood Floor Cleaner Refill Unscented 128 fl oz",
    "href": "/ip/Bona-Hardwood-Floor-Cleaner-Refill-Unscented-128-fl-oz/38437922?classType=REGULAR&selectedSellerId=0",
    "currentPrice": "current price $19.97",
    "pricePerOz": "15.6 ¢/fl oz",
    "pickup": "Pickup today",
    "delivery": "Shipping, arrives tomorrow",
    "shipping": "N/A"
  },
  {
    "ioId": "3H21YJSZ9VMV",
    "linkIdentifier": "29651504",
    "text": "think! High Protein Brownie Crunch Bars, 5 Count",
    "href": "/ip/think-High-Protein-Brownie-Crunch-Bars-5-Count/29651504?classType=VARIANT&selectedSellerId=0",
    "currentPrice": "current price $8.54",
    "pricePerOz": "81.3 ¢/oz",
    "pickup": "Pickup today",
    "delivery": "Delivery today",
    "shipping": "Shipping, arrives tomorrow"
  },
  {
    "ioId": "30G71JY7C76H",
    "linkIdentifier": "297570120",
    "text": "Six Star Pro Nutrition 100% Whey Protein Powder Plus, 30g Protein, Cookies & Cream, 1.85 lbs",
    "href": "/ip/Six-Star-Pro-Nutrition-100-Whey-Protein-Powder-Plus-30g-Protein-Cookies-Cream-1-85-lbs/297570120?classType=VARIANT&selectedSellerId=128447",
    "currentPrice": "current price $27.82",
    "pricePerOz": "95.9 ¢/oz",
    "pickup": "Free shipping, arrives in 3+ days",
    "delivery": "N/A",
    "shipping": "N/A"
  },
  {
    "ioId": "1VQD75WG3SCP",
    "linkIdentifier": "45297672",
    "text": "Glidden Quick Cover Interior Latex Paint Flat, White, 1 Gallon",
    "href": "/ip/Glidden-Quick-Cover-Interior-Latex-Paint-Flat-White-1-Gallon/45297672?classType=VARIANT&selectedSellerId=0",
    "currentPrice": "current price $14.53",
    "pricePerOz": "$14.53/gl",
    "pickup": "Pickup today",
    "delivery": "Delivery today",
    "shipping": "Shipping, arrives tomorrow"
  },
  {
    "ioId": "2OO4QOFOJIFP",
    "linkIdentifier": "362522237",
    "text": "Vibrant Life Pet Kennel 19\" X-Small Plastic Dog Crate Portable Carrier for Pets up to 10 lbs",
    "href": "/ip/Vibrant-Life-Pet-Kennel-19-X-Small-Plastic-Dog-Crate-Portable-Carrier-for-Pets-Up-To-10-lbs/362522237?classType=VARIANT&selectedSellerId=0",
    "currentPrice": "current price Now $19.97",
    "pricePerOz": "$24.84",
    "pickup": "Pickup today",
    "delivery": "Delivery today",
    "shipping": "Shipping, arrives tomorrow"
  },
  {
    "ioId": "4NOTBGMKA3PV",
    "linkIdentifier": "394630197",
    "text": "Jiffy 72 Cell Greenhouse Seed Starter Kit with 36mm Peat Pellets",
    "href": "/ip/Jiffy-72-Cell-Greenhouse-Seed-Starter-Kit-with-36mm-Peat-Pellets/394630197?classType=VARIANT&athbdg=L1600&selectedSellerId=0",
    "currentPrice": "current price $11.88",
    "pricePerOz": "N/A",
    "pickup": "Pickup today",
    "delivery": "Delivery today",
    "shipping": "Shipping, arrives tomorrow"
  },
  {
    "ioId": "7JU5X9LCSUOW",
    "linkIdentifier": "12514805",
    "text": "Venus ComfortGlide 3 White Tea Women's Razor Blade Refills, 4 Count",
    "href": "/ip/Gillette-Venus-Cartridges-Spa-Breeze-2in1-4ct/12514805?classType=VARIANT&athbdg=L1600&selectedSellerId=101315868",
    "currentPrice": "current price Now $13.58",
    "pricePerOz": "$16.99",
    "pickup": "Shipping, arrives tomorrow",
    "delivery": "N/A",
    "shipping": "N/A"
  },
  {
    "ioId": "697HDS15CB9J",
    "linkIdentifier": "921345218",
    "text": "Better Homes & Gardens Whiskey Barrel Brown Resin Planter, 19.9in x 19.9in x 13in",
    "href": "/ip/Better-Homes-Gardens-20-x-20-x-13-Brown-Resin-Whiskey-Barrel-Planter/921345218?classType=VARIANT&athbdg=L1600&selectedSellerId=0",
    "currentPrice": "current price $18.97",
    "pricePerOz": "N/A",
    "pickup": "Pickup at a nearby store",
    "delivery": "Shipping, arrives tomorrow",
    "shipping": "N/A"
  },
  {
    "ioId": "6PX7MM90E5YB",
    "linkIdentifier": "10453187",
    "text": "L'Oréal Paris Superior Preference Fade-Defying Adult Permanent Hair Color, 7A Dark Ash Blonde, 1 Kit",
    "href": "/ip/L-Oreal-Paris-Superior-Preference-Hair-Color/10453187?classType=VARIANT&selectedSellerId=0",
    "currentPrice": "current price $11.67",
    "pricePerOz": "N/A",
    "pickup": "Pickup today",
    "delivery": "Delivery today",
    "shipping": "Shipping, arrives tomorrow"
  },
  {
    "ioId": "3C9BJXFOW57S",
    "linkIdentifier": "55406752",
    "text": "BISSELL Advanced Professional Spot and Stain + Oxy Remover, 2038W",
    "href": "/ip/BISSELL-Advanced-Pro-Oxy-Spot-Stain-Formula-for-Portable-Spot-Cleaners-32-oz-2038W/55406752?classType=REGULAR&selectedSellerId=0",
    "currentPrice": "current price $12.98",
    "pricePerOz": "40.6 ¢/fl oz",
    "pickup": "Pickup today",
    "delivery": "Delivery today",
    "shipping": "Shipping, arrives tomorrow"
  },
  {
    "ioId": "70J0PANWTRNK",
    "linkIdentifier": "5080127831",
    "text": "Mainstays 7'10\"x9'10\" Persian Medallion Indoor Area Rug",
    "href": "/ip/Mainstays-7-10-x9-x10-Persian-Medallion-Indoor-Area-Rug/5080127831?classType=VARIANT&athbdg=L1600&selectedSellerId=0",
    "currentPrice": "current price $110.00",
    "pricePerOz": "N/A",
    "pickup": "Pickup at a nearby store",
    "delivery": "Free shipping, arrives in 3+ days",
    "shipping": "N/A"
  },
  {
    "ioId": "480WTA6AFE12",
    "linkIdentifier": "47655725",
    "text": "Swiffer Wet Jet Mop, Floor Cleaner for Mopping Wood, Laminate, Tile, Cleaning Set, Fresh Scent",
    "href": "/ip/Swiffer-92810-Wet-Jet-Power-Mop-Starter-Kit/47655725?classType=REGULAR&athbdg=L1600&selectedSellerId=0",
    "currentPrice": "current price $24.94",
    "pricePerOz": "N/A",
    "pickup": "Pickup today",
    "delivery": "Delivery today",
    "shipping": "Shipping, arrives tomorrow"
  },
  {
    "ioId": "69ZWKS0ZZ8RL",
    "linkIdentifier": "24761810",
    "text": "Renew Life Women's Probiotic Capsules, 30 Count",
    "href": "/ip/Renew-Life-Women-s-Probiotic-Capsules-30-Count/24761810?classType=VARIANT&athbdg=L1600&selectedSellerId=0",
    "currentPrice": "current price $20.98",
    "pricePerOz": "69.9 ¢/ea",
    "pickup": "Pickup today",
    "delivery": "Delivery today",
    "shipping": "Shipping, arrives tomorrow"
  },
  {
    "ioId": "4M3MZCY9Q0PZ",
    "linkIdentifier": "46368150",
    "text": "Cosco 8 Foot Centerfold Folding Table, White",
    "href": "/ip/Cosco-8-Foot-Centerfold-Folding-Table-White/46368150?classType=VARIANT&athbdg=L1600&selectedSellerId=0",
    "currentPrice": "current price $73.98",
    "pricePerOz": "N/A",
    "pickup": "Pickup at a nearby store",
    "delivery": "Free shipping, arrives tomorrow",
    "shipping": "N/A"
  },
  {
    "ioId": "5GNUE1U0VZB7",
    "linkIdentifier": "488641690",
    "text": "The Honest Company, Plant-Based Baby Wipes, Fragrance-Free, 288 Count (Select for More Options)",
    "href": "/ip/The-Honest-Company-Plant-Based-Baby-Wipes-Fragrance-Free-288-Count-Select-for-More-Options/488641690?classType=VARIANT&selectedSellerId=0",
    "currentPrice": "current price $19.97",
    "pricePerOz": "$6.93/100 ct",
    "pickup": "Pickup today",
    "delivery": "Delivery today",
    "shipping": "Shipping, arrives tomorrow"
  },
  {
    "ioId": "4PFEEKS5A9P0",
    "linkIdentifier": "242789097",
    "text": "Mainstays Twin 14\" Heavy Duty Steel Slat Platform Bed Frame with Storage Space Under Frame, No Box Spring Required, Black",
    "href": "/ip/Mainstays-14-Heavy-Duty-Steel-Slat-Twin-Platform-Bed-Frame-Black/242789097?classType=VARIANT&athbdg=L1600&selectedSellerId=0",
    "currentPrice": "current price $59.00",
    "pricePerOz": "N/A",
    "pickup": "Free shipping, arrives tomorrow",
    "delivery": "N/A",
    "shipping": "N/A"
  },
  {
    "ioId": "12B12ZWF7EXW",
    "linkIdentifier": "17619758",
    "text": "Barbasol Mens Shaving Cream Soothing Aloe - 10 oz",
    "href": "/ip/Barbasol-Soothing-Aloe-Thick-Rich-Shaving-Cream-10-oz/17619758?classType=REGULAR&selectedSellerId=0",
    "currentPrice": "current price $1.93",
    "pricePerOz": "15.0 ¢/ea",
    "pickup": "Pickup today",
    "delivery": "Delivery today",
    "shipping": "N/A"
  },
  {
    "ioId": "66ZW0IV5GXBZ",
    "linkIdentifier": "571918184",
    "text": "Pre-Owned Apple iPhone 11 - Carrier Unlocked - 64 GB Black (Good)",
    "href": "/ip/Pre-Owned-Apple-iPhone-11-64GB-Black-Fully-Unlocked-Refurbished-Good/571918184?classType=VARIANT&selectedSellerId=442",
    "currentPrice": "N/A",
    "pricePerOz": "$319.00",
    "pickup": "Free shipping, arrives in 3+ days",
    "delivery": "N/A",
    "shipping": "N/A"
  },
  {
    "ioId": "4V6GQMZDZVR5",
    "linkIdentifier": "104387972",
    "text": "Cascade Complete Dishwasher Pods, Action Pacs Dishwasher Detergent, Dishwasher Tabs, Fresh, 27 Count",
    "href": "/ip/Cascade-Complete-ActionPacs-Dishwasher-Detergent-Fresh-Scent-27-Ct/104387972?classType=REGULAR&selectedSellerId=102488417",
    "currentPrice": "current price $9.29",
    "pricePerOz": "34.4 ¢/ea",
    "pickup": "Shipping, arrives in 3+ days",
    "delivery": "N/A",
    "shipping": "N/A"
  },
  {
    "ioId": "2K4MFLG0WZWL",
    "linkIdentifier": "55333418",
    "text": "Interceptor Men's Force 6\" Steel Toe Tactical Boots",
    "href": "/ip/Interceptor-Men-s-Force-6-Steel-Toe-Tactical-Boots/55333418?classType=VARIANT&selectedSellerId=0",
    "currentPrice": "current price $34.48",
    "pricePerOz": "N/A",
    "pickup": "Pickup today",
    "delivery": "Delivery today",
    "shipping": "Shipping, arrives tomorrow"
  },
  {
    "ioId": "3V29I9PBE329",
    "linkIdentifier": "20606798",
    "text": "Clorox Bleach Foamer Bathroom and Shower Cleaner Spray, Ocean Mist, 30 fl oz",
    "href": "/ip/Clorox-Bleach-Foamer-Bathroom-and-Shower-Cleaner-Spray-Ocean-Mist-30-fl-oz/20606798?classType=REGULAR&selectedSellerId=0",
    "currentPrice": "current price $5.12",
    "pricePerOz": "17.1 ¢/fl oz",
    "pickup": "Pickup today",
    "delivery": "Delivery today",
    "shipping": "N/A"
  },
  {
    "ioId": "6594M4GE0WLI",
    "linkIdentifier": "1382485664",
    "text": "Glidden Fundamentals Interior Paint White / , Eggshell, 1 Gallon",
    "href": "/ip/Glidden-Fundamentals-Interior-Paint-White-Eggshell-1-Gallon/1382485664?classType=VARIANT&selectedSellerId=0",
    "currentPrice": "current price $24.48",
    "pricePerOz": "$24.48/gl",
    "pickup": "Pickup today",
    "delivery": "Delivery today",
    "shipping": "Shipping, arrives tomorrow"
  },
  {
    "ioId": "1F8BYMYCN70A",
    "linkIdentifier": "20636265",
    "text": "Pledge Everyday Cleaner Multi Surface Antibacterial Cleaner, Essential Cleaning Supplies, Aerosol, Fresh Citrus, 9.7 oz",
    "href": "/ip/Pledge-Everyday-Cleaner-Multi-Surface-Antibacterial-Cleaner-Essential-Cleaning-Supplies-Aerosol-Fresh-Citrus-9-7-oz/20636265?classType=REGULAR&selectedSellerId=0",
    "currentPrice": "current price $5.38",
    "pricePerOz": "55.5 ¢/oz",
    "pickup": "Pickup today",
    "delivery": "Delivery today",
    "shipping": "Shipping, arrives tomorrow"
  },
  {
    "ioId": "6FS7WCKLS603",
    "linkIdentifier": "889023541",
    "text": "Samsung Galaxy Watch4 40mm Smart Watch, Bluetooth, Black",
    "href": "/ip/Samsung-Galaxy-Watch4-40mm-Smart-Watch-Bluetooth-Black/889023541?classType=VARIANT&selectedSellerId=102547008",
    "currentPrice": "current price Now $143.00",
    "pricePerOz": "$182.67",
    "pickup": "Free shipping, arrives in 2 days",
    "delivery": "N/A",
    "shipping": "N/A"
  },
  {
    "ioId": "1YZDXJIR73WG",
    "linkIdentifier": "765604579",
    "text": "Clorox Scentiva Bleach-Free Multi-Surface Cleaner Spray, Grapefruit & Orange Blossom, 32 fl oz",
    "href": "/ip/Clorox-Scentiva-Bleach-Free-Multi-Surface-Cleaner-Spray-Grapefruit-Orange-Blossom-32-fl-oz/765604579?classType=REGULAR&selectedSellerId=0",
    "currentPrice": "current price $5.12",
    "pricePerOz": "16.0 ¢/fl oz",
    "pickup": "Pickup today",
    "delivery": "Delivery today",
    "shipping": "Shipping, arrives tomorrow"
  },
  {
    "ioId": "3DM4DJHDQVO6",
    "linkIdentifier": "172840151",
    "text": "Dextero All Terrain DAT1 P235/75R15 108S Fits: 1995-99 Chevrolet Tahoe LT, 1999 Chevrolet Silverado 1500 Base",
    "href": "/ip/Dextero-All-Terrain-DAT1-P235-75R15-108S-Fits-1995-99-Chevrolet-Tahoe-LT-1999-Chevrolet-Silverado-1500-Base/172840151?classType=REGULAR&selectedSellerId=0",
    "currentPrice": "current price $80.00",
    "pricePerOz": "N/A",
    "pickup": "Free pickup in 3+ days",
    "delivery": "Free shipping, arrives in 3+ days",
    "shipping": "N/A"
  },
  {
    "ioId": "69JREOQQJ8W7",
    "linkIdentifier": "12443304",
    "text": "Secret Fresh Clear Gel Antiperspirant Deodorant for Women, Lavender, 2.6 oz",
    "href": "/ip/Secret-Fresh-Clear-Gel-Antiperspirant-Deodorant-for-Women-Lavender-2-6-oz/12443304?classType=REGULAR&selectedSellerId=0",
    "currentPrice": "current price $5.97",
    "pricePerOz": "$2.30/oz",
    "pickup": "Pickup today",
    "delivery": "Delivery today",
    "shipping": "N/A"
  },
  {
    "ioId": "1OT2F5W1UOL4",
    "linkIdentifier": "1871709632",
    "text": "Genuine Dickies Men's Flex Duck Utility Work Jean",
    "href": "/ip/Genuine-Dickies-Men-s-Flex-Duck-Utility-Jean/1871709632?classType=VARIANT&selectedSellerId=0",
    "currentPrice": "current price $29.93",
    "pricePerOz": "N/A",
    "pickup": "Shipping, arrives in 3+ days",
    "delivery": "N/A",
    "shipping": "N/A"
  },
  {
    "ioId": "3OGUIF6JQ615",
    "linkIdentifier": "38260428",
    "text": "Dove Refreshing Long Lasting Gentle Body Wash, Cucumber and Green Tea, 30.6 fl oz",
    "href": "/ip/Dove-Go-Fresh-Cool-Moisture-Body-Wash-34-fl-oz/38260428?classType=VARIANT&selectedSellerId=0",
    "currentPrice": "current price $9.97",
    "pricePerOz": "32.6 ¢/fl oz",
    "pickup": "Pickup today",
    "delivery": "Shipping, arrives tomorrow",
    "shipping": "N/A"
  },
  {
    "ioId": "1WDQ4Z94F7WZ",
    "linkIdentifier": "547841765",
    "text": "Space Solutions 18\" Deep 2 Drawer Letter Width Vertical File Cabinet, Yellow",
    "href": "/ip/Space-Solutions-18-Deep-2-Drawer-Letter-Width-Vertical-File-Cabinet-Yellow/547841765?classType=VARIANT&selectedSellerId=0",
    "currentPrice": "current price $92.39",
    "pricePerOz": "N/A",
    "pickup": "Free shipping, arrives in 3+ days",
    "delivery": "N/A",
    "shipping": "N/A"
  },
  {
    "ioId": "6UX8M7OO7Z8J",
    "linkIdentifier": "412071836",
    "text": "Lysol Brand New Day All Purpose Cleaner 32oz, Mango & Hibiscus, Deep Clean",
    "href": "/ip/Lysol-Brand-New-Day-All-Purpose-Cleaner-32oz-Mango-Hibiscus-Deep-Clean/412071836?classType=REGULAR&selectedSellerId=101419512",
    "currentPrice": "current price $6.00",
    "pricePerOz": "18.8 ¢/fl oz",
    "pickup": "Free shipping, arrives in 3+ days",
    "delivery": "N/A",
    "shipping": "N/A"
  },
  {
    "ioId": "7CZGQIH4ABUR",
    "linkIdentifier": "37611967",
    "text": "Wrangler Men's and Big Men's Comfort Flex Waistband Regular Fit Jean",
    "href": "/ip/Wrangler-Men-s-and-Big-Men-s-U-Shape-for-Comfort-Regular-Fit-Jean-with-Comfort-Flex-Waistband/37611967?classType=VARIANT&selectedSellerId=0",
    "currentPrice": "current price $25.98",
    "pricePerOz": "N/A",
    "pickup": "Shipping, arrives in 3+ days",
    "delivery": "N/A",
    "shipping": "N/A"
  },
  {
    "ioId": "5Q2BPCMZVCF4",
    "linkIdentifier": "22210494",
    "text": "ARM & HAMMER Advance White Anticavity Whitening Toothpaste with Fluoride, Clean Mint, 6 oz, 2 Pack",
    "href": "/ip/Arm-Hammer-Advance-White-Extreme-Whitening-Baking-Soda-Peroxide-Toothpaste-6-oz-Pack-of-2/22210494?classType=VARIANT&selectedSellerId=0",
    "currentPrice": "current price $6.98",
    "pricePerOz": "58.2 ¢/oz",
    "pickup": "Pickup today",
    "delivery": "Delivery today",
    "shipping": "Shipping, arrives tomorrow"
  },
  {
    "ioId": "5Y0JTOFQOVS9",
    "linkIdentifier": "625340678",
    "text": "JBL Charge 5 - Portable Waterproof Speaker with Powerbank - Black",
    "href": "/ip/JBL-Charge-5-Portable-Waterproof-Bluetooth-Speaker-with-Powerbank-Black/625340678?classType=VARIANT&selectedSellerId=2094",
    "currentPrice": "current price Now $131.90",
    "pricePerOz": "$179.95",
    "pickup": "Free shipping, arrives tomorrow",
    "delivery": "N/A",
    "shipping": "N/A"
  },
  {
    "ioId": "5REXN5WXQXHF",
    "linkIdentifier": "558471204",
    "text": "Gatorade Protein Bars, Peanut Butter Chocolate, 20g Protein, 6 Bars",
    "href": "/ip/Gatorade-Whey-Protein-Recover-Bars-Peanut-Butter-Chocolate-6-Count/558471204?classType=VARIANT&selectedSellerId=0",
    "currentPrice": "current price $9.97",
    "pricePerOz": "59.0 ¢/oz",
    "pickup": "Pickup today",
    "delivery": "Delivery today",
    "shipping": "Shipping, arrives tomorrow"
  },
  {
    "ioId": "7F2AIE6EIC6E",
    "linkIdentifier": "39953164",
    "text": "Behrens 31-Gallon Steel Trash Can",
    "href": "/ip/Behrens-31-Gallon-Steel-Trash-Can/39953164?classType=VARIANT&selectedSellerId=0",
    "currentPrice": "current price Now $29.84",
    "pricePerOz": "$34.99",
    "pickup": "Pickup at a nearby store",
    "delivery": "Shipping, arrives tomorrow",
    "shipping": "N/A"
  },
  {
    "ioId": "1CLVRS7XJV7Y",
    "linkIdentifier": "19717396",
    "text": "Tide PODS Laundry Detergent Packs, Spring Meadow Scent, 16 Count",
    "href": "/ip/Tide-Pods-Spring-Meadow-Detergent-16ct/19717396?classType=VARIANT&selectedSellerId=0",
    "currentPrice": "current price $5.44",
    "pricePerOz": "41.8 ¢/oz",
    "pickup": "Pickup today",
    "delivery": "Delivery today",
    "shipping": "N/A"
  },
  {
    "ioId": "23NS6VXQEWXA",
    "linkIdentifier": "661556918",
    "text": "Thyme & Table Signature 12-Piece Cookware Set Non-Stick - Rose Gold",
    "href": "/ip/Thyme-Table-Non-Stick-12-Piece-Signature-Cookware-Set-Rose-Gold/661556918?classType=VARIANT&selectedSellerId=0",
    "currentPrice": "current price Now $59.00",
    "pricePerOz": "$99.00",
    "pickup": "Free shipping, arrives tomorrow",
    "delivery": "N/A",
    "shipping": "N/A"
  },
  {
    "ioId": "4V3N8UT1WG87",
    "linkIdentifier": "405156887",
    "text": "5-hour ENERGY Shot, Extra Strength, Grape, 15 Count",
    "href": "/ip/5-hour-ENERGY-Shot-Extra-Strength-Grape-15-Count/405156887?classType=VARIANT&selectedSellerId=0",
    "currentPrice": "current price $31.48",
    "pricePerOz": "$1.09/fl oz",
    "pickup": "Pickup today",
    "delivery": "Delivery today",
    "shipping": "Shipping, arrives tomorrow"
  },
  {
    "ioId": "5PI6CU7JU32C",
    "linkIdentifier": "39073011",
    "text": "Official Size Table Tennis Table, 15mm, 4 Piece, Pong Table, Blue/White, by MD Sports",
    "href": "/ip/MD-Sports-Official-Size-15-mm-4-Piece-Indoor-Table-Tennis-Accessories-Included/39073011?classType=VARIANT&selectedSellerId=0",
    "currentPrice": "current price $179.00",
    "pricePerOz": "N/A",
    "pickup": "Free shipping, arrives tomorrow",
    "delivery": "N/A",
    "shipping": "N/A"
  },
  {
    "ioId": "0UVJA78DZNMY",
    "linkIdentifier": "100047639",
    "text": "Tide Power PODS Hygienic Clean Laundry Detergent Packs, Original Scent, 63 Count",
    "href": "/ip/Tide-Power-Pods-Laundry-Detergent-Soap-Packs-Hygienic-Clean-Original-63-Ct/100047639?classType=VARIANT&selectedSellerId=0",
    "currentPrice": "current price $27.24",
    "pricePerOz": "27.0 ¢/oz",
    "pickup": "Pickup today",
    "delivery": "Delivery today",
    "shipping": "Shipping, arrives tomorrow"
  },
  {
    "ioId": "11LNG08S8T58",
    "linkIdentifier": "805181182",
    "text": "Restored Apple iPhone XR - Fully Unlocked - 64 GB Black (Refurbished)",
    "href": "/ip/Refurbished-Grade-A-Apple-iPhone-XR-64GB-Black-Verizon-Unlocked/805181182?classType=VARIANT&selectedSellerId=7648",
    "currentPrice": "N/A",
    "pricePerOz": "$162.95",
    "pickup": "Free shipping, arrives in 3+ days",
    "delivery": "N/A",
    "shipping": "N/A"
  },
  {
    "ioId": "2HD71BJW12A8",
    "linkIdentifier": "367581884",
    "text": "Harry's Men's Razor Blade Refill Cartridges, 8 Count",
    "href": "/ip/Harry-s-Men-s-5-Blade-Razor-Blade-Refills-8-Count/367581884?classType=VARIANT&selectedSellerId=0",
    "currentPrice": "current price $16.97",
    "pricePerOz": "$2.12/count",
    "pickup": "Pickup today",
    "delivery": "Delivery today",
    "shipping": "Shipping, arrives tomorrow"
  },
  {
    "ioId": "64B7LN0FG2QV",
    "linkIdentifier": "47423103",
    "text": "Mainstays Albany Lane Steel 6-Piece Outdoor Patio Dining Set with Umbrella, Red",
    "href": "/ip/Mainstays-Albany-Lane-6-Piece-Outdoor-Patio-Dining-Set-Red/47423103?classType=VARIANT&selectedSellerId=0",
    "currentPrice": "current price $109.00",
    "pricePerOz": "N/A",
    "pickup": "Free shipping, arrives tomorrow",
    "delivery": "N/A",
    "shipping": "N/A"
  },
  {
    "ioId": "4J2QYVEZQ29Y",
    "linkIdentifier": "11047694",
    "text": "Equate Coated Nicotine Polacrilex Gum 2 mg, Mint Flavor, Stop Smoking Aid, 160 Count",
    "href": "/ip/Equate-Coated-Nicotine-Polacrilex-Gum-2-mg-Mint-Flavor-Stop-Smoking-Aid-160-Count/11047694?classType=VARIANT&selectedSellerId=0",
    "currentPrice": "current price $37.98",
    "pricePerOz": "23.7 ¢/count",
    "pickup": "Free pickup today",
    "delivery": "Delivery today",
    "shipping": "Free shipping, arrives tomorrow"
  },
  {
    "ioId": "1D3C3CQ664LS",
    "linkIdentifier": "484543324",
    "text": "24V Razor Dirt Rocket MX350 - Black with Decals Included, Electric-Powered Dirt Bike for Child 8+",
    "href": "/ip/Razor-Dirt-Rocket-MX350-Black-with-Decals-Included-24V-Electric-Powered-Dirt-Bike-for-Kids-13/484543324?classType=VARIANT&athbdg=L1600&selectedSellerId=0",
    "currentPrice": "current price $248.00",
    "pricePerOz": "N/A",
    "pickup": "Free pickup today",
    "delivery": "Delivery today",
    "shipping": "Free shipping, arrives tomorrow"
  },
  {
    "ioId": "5OYV1X2B4HQJ",
    "linkIdentifier": "135399930",
    "text": "Blue Buffalo Tastefuls Dry Food, Adult Indoor Cat, Chicken and Brown Rice, 5-lb. Bag",
    "href": "/ip/Blue-Buffalo-Tastefuls-Dry-Food-Adult-Indoor-Cat-Chicken-and-Brown-Rice-5-lb-Bag/135399930?classType=VARIANT&athbdg=L1600&selectedSellerId=0",
    "currentPrice": "current price $20.98",
    "pricePerOz": "$4.20/lb",
    "pickup": "Pickup today",
    "delivery": "Delivery today",
    "shipping": "Shipping, arrives tomorrow"
  },
  {
    "ioId": "6ZVE6ZN0VC11",
    "linkIdentifier": "256585757",
    "text": "Louisville Ladder 8' Fiberglass Step Ladder, 12' Reach, 250 lbs Load Capacity, W-3118-08",
    "href": "/ip/Louisville-Ladder-8-Fiberglass-Step-Ladder-12-Reach-250-lbs-Load-Capacity-W-3118-08/256585757?classType=REGULAR&athbdg=L1600&selectedSellerId=0",
    "currentPrice": "current price Now $108.00",
    "pricePerOz": "$120.00",
    "pickup": "Free pickup today",
    "delivery": "Free shipping, arrives in 2 days",
    "shipping": "N/A"
  },
  {
    "ioId": "4NJOK3YT8G02",
    "linkIdentifier": "374292394",
    "text": "Contour Next Blood Glucose Test Strips Value Pack, 70 Ct",
    "href": "/ip/Bayer-Diabetes-Contour-Nxt-70ct-Strips/374292394?classType=REGULAR&athbdg=L1600&selectedSellerId=0",
    "currentPrice": "current price $26.58",
    "pricePerOz": "N/A",
    "pickup": "Pickup today",
    "delivery": "Delivery today",
    "shipping": "Shipping, arrives tomorrow"
  },
  {
    "ioId": "1L4PG3O87HZT",
    "linkIdentifier": "949679706",
    "text": "Apple Pencil (2nd Generation)",
    "href": "/ip/Apple-Pencil-2nd-Generation-Pixel-Perfect-Precision-Industry-Leading-Low-Latency-Perfect-Note-Taking-Drawing-Signing-documents-Attaches-Charges-Pairs/949679706?classType=REGULAR&athbdg=L1600&selectedSellerId=0",
    "currentPrice": "current price Now $115.00",
    "pricePerOz": "$129.00",
    "pickup": "Free pickup today",
    "delivery": "Delivery today",
    "shipping": "Free shipping, arrives tomorrow"
  },
  {
    "ioId": "3FLYQ9SCC281",
    "linkIdentifier": "977615418",
    "text": "Mrs. Meyer's Clean Day Liquid Hand Soap Refill, Rainwater, 33 OZ (Pack of 6)",
    "href": "/ip/Mrs-Meyer-s-Clean-Day-Liquid-Hand-Soap-Refill-Rainwater-33-OZ-Pack-of-6/977615418?classType=VARIANT",
    "currentPrice": "N/A",
    "pricePerOz": "N/A",
    "pickup": "Free shipping, arrives in 3+ days",
    "delivery": "N/A",
    "shipping": "N/A"
  },
  {
    "ioId": "755RR0CN7SAP",
    "linkIdentifier": "519463028",
    "text": "Restored Apple iPhone SE (2nd Generation) - Fully Unlocked - 64 GB Black (Refurbished)",
    "href": "/ip/Refurbished-Apple-iPhone-SE-2-2nd-Gen-64GB-Verizon-GSM-Unlocked-T-Mobile-AT-T-Black-2020/519463028?classType=VARIANT&athbdg=L1600&selectedSellerId=442",
    "currentPrice": "N/A",
    "pricePerOz": "$114.95",
    "pickup": "Free shipping, arrives in 3+ days",
    "delivery": "N/A",
    "shipping": "N/A"
  },
  {
    "ioId": "5J0Y7SH3L59J",
    "linkIdentifier": "255345219",
    "text": "Dove Restoring Long Lasting Gentle Body Wash, Coconut and Cocoa Butter, 30.6 fl oz",
    "href": "/ip/Dove-Restoring-Gentle-Women-s-Body-Wash-All-Skin-Type-Coconut-Cocoa-Butter-30-6-fl-oz/255345219?classType=VARIANT&athbdg=L1600&selectedSellerId=0",
    "currentPrice": "current price $9.97",
    "pricePerOz": "32.6 ¢/fl oz",
    "pickup": "Pickup today",
    "delivery": "Shipping, arrives tomorrow",
    "shipping": "N/A"
  },
  {
    "ioId": "3EH3ZHRAQGW6",
    "linkIdentifier": "1663009675",
    "text": "Mainstays Pillow Top 71.25\" Futon, Charcoal",
    "href": "/ip/Mainstays-Pillow-Top-Futon-Charcoal/1663009675?classType=VARIANT&athbdg=L1600&selectedSellerId=0",
    "currentPrice": "current price $178.00",
    "pricePerOz": "N/A",
    "pickup": "Free pickup today",
    "delivery": "Delivery today",
    "shipping": "Free shipping, arrives tomorrow"
  },
  {
    "ioId": "4WGB5P3OYGFS",
    "linkIdentifier": "5716260240",
    "text": "(3 pack) Purina Friskies Party Mix Beachside Crunch, Cat Treats, Shrimp, Crab, & Tuna, 20 oz Canister",
    "href": "/ip/Purina-Friskies-Party-Mix-Cat-Treats-Beachside-Crunch-Snacks-20-oz-Canister/5716260240?classType=VARIANT&selectedSellerId=0",
    "currentPrice": "current price $25.44",
    "pricePerOz": "42.4 ¢/oz",
    "pickup": "Pickup at a nearby store",
    "delivery": "Shipping, arrives tomorrow",
    "shipping": "N/A"
  },
  {
    "ioId": "6NYNASII2L7R",
    "linkIdentifier": "36883802",
    "text": "Step2 Neat & Tidy Cottage II Brown Playhouse Plastic Kids Outdoor Toy",
    "href": "/ip/Step2-Neat-Tidy-Cottage-II-Brown-Playhouse-Plastic-Kids-Outdoor-Toy/36883802?classType=VARIANT&selectedSellerId=0",
    "currentPrice": "current price Now $162.28",
    "pricePerOz": "$198.00",
    "pickup": "Free shipping, arrives in 3+ days",
    "delivery": "N/A",
    "shipping": "N/A"
  },
  {
    "ioId": "4NZV5IVJK7EC",
    "linkIdentifier": "562304794",
    "text": "Herbal Essences Smooth Collection Conditioner, All Hair Types, 29.2 fl oz",
    "href": "/ip/Herbal-Essences-Smooth-Collection-Conditioner-All-Hair-Types-29-2-fl-oz/562304794?classType=VARIANT&selectedSellerId=0",
    "currentPrice": "current price $9.97",
    "pricePerOz": "34.1 ¢/fl oz",
    "pickup": "Pickup today",
    "delivery": "Delivery today",
    "shipping": "Shipping, arrives tomorrow"
  },
  {
    "ioId": "1EUZE1HXY3FT",
    "linkIdentifier": "771229626",
    "text": "Canon EOS Rebel T100 Digital SLR Camera with 18-55mm Lens Kit, 18 Megapixel Sensor, Wi-Fi, DIGIC4+, SanDisk 32GB Memory Card and Live View Shooting",
    "href": "/ip/Canon-EOS-Rebel-T100-Digital-SLR-Camera-with-18-55mm-Lens-Kit-18-Megapixel-Sensor-Wi-Fi-DIGIC4-SanDisk-32GB-Memory-Card-and-Live-View-Shooting/771229626?classType=REGULAR&selectedSellerId=0",
    "currentPrice": "current price $379.00",
    "pricePerOz": "N/A",
    "pickup": "Free pickup today",
    "delivery": "Delivery today",
    "shipping": "Free shipping, arrives tomorrow"
  },
  {
    "ioId": "658PEOPFP4AO",
    "linkIdentifier": "14237856",
    "text": "Old Spice Deodorant for Men, Antiperspirant Deodorant for Men Stick, Fiji, 2.6 oz",
    "href": "/ip/Old-Spice-Deodorant-for-Men-Antiperspirant-Deodorant-for-Men-Stick-Fiji-2-6-oz/14237856?classType=VARIANT&selectedSellerId=0",
    "currentPrice": "current price $6.97",
    "pricePerOz": "$2.68/oz",
    "pickup": "Pickup today",
    "delivery": "Delivery today",
    "shipping": "N/A"
  },
  {
    "ioId": "1QW74098S295",
    "linkIdentifier": "442359038",
    "text": "Better Homes & Gardens 8-Cube Organizer with Metal Base, Espresso",
    "href": "/ip/Better-Homes-Gardens-8-Cube-Organizer-with-Metal-Base-Espresso/442359038?classType=VARIANT&athbdg=L1300&selectedSellerId=0",
    "currentPrice": "current price Now $83.00",
    "pricePerOz": "$97.20",
    "pickup": "Free shipping, arrives tomorrow",
    "delivery": "N/A",
    "shipping": "N/A"
  },
  {
    "ioId": "64BAIORH8IIQ",
    "linkIdentifier": "1337988116",
    "text": "Tampax Pearl Tampons with LeakGuard Braid, Ultra Absorbency, 60 Ct",
    "href": "/ip/Tampax-Pearl-Tampons-with-LeakGuard-Braid-Ultra-Absorbency-60-Ct/1337988116?classType=VARIANT&selectedSellerId=0",
    "currentPrice": "current price $13.77",
    "pricePerOz": "23.0 ¢/count",
    "pickup": "Pickup today",
    "delivery": "Delivery today",
    "shipping": "Shipping, arrives tomorrow"
  },
  {
    "ioId": "2VKW2HBQUW7T",
    "linkIdentifier": "5272102356",
    "text": "Better Homes & Gardens 12-Cube Storage Organizer, Acorn",
    "href": "/ip/Better-Homes-Gardens-12-Cube-Storage-Organizer-Acorn/5272102356?classType=VARIANT&selectedSellerId=0",
    "currentPrice": "current price $108.44",
    "pricePerOz": "N/A",
    "pickup": "Free shipping, arrives tomorrow",
    "delivery": "N/A",
    "shipping": "N/A"
  },
  {
    "ioId": "4IGVPNI5CNDF",
    "linkIdentifier": "264893838",
    "text": "Native Deodorant, Aluminum Free, Sea Salt & Cedar, for Women and Men, 2.65 oz",
    "href": "/ip/Native-Deodorant-Sea-Salt-Cedar-Aluminum-Free-for-Women-and-Men-2-65oz/264893838?classType=REGULAR&selectedSellerId=0",
    "currentPrice": "current price $12.97",
    "pricePerOz": "$4.80/oz",
    "pickup": "Pickup today",
    "delivery": "Delivery today",
    "shipping": "Shipping, arrives tomorrow"
  },
  {
    "ioId": "59XTA0LKV7DG",
    "linkIdentifier": "226407466",
    "text": "onn. 20\" LED Soundbar with 2 Internal Speakers",
    "href": "/ip/Onn-2-0-LED-Soundbar-with-2-Speakers-20/226407466?classType=REGULAR&selectedSellerId=0",
    "currentPrice": "current price $39.88",
    "pricePerOz": "$39.88/in",
    "pickup": "Free pickup today",
    "delivery": "Delivery today",
    "shipping": "Free shipping, arrives tomorrow"
  },
  {
    "ioId": "2IQIB607VLDK",
    "linkIdentifier": "700297125",
    "text": "Hefty Ultra Strong 33 gallon Trash Bags, Large Trash Bags, Black, Fabuloso Scent, 40 Bags",
    "href": "/ip/Hefty-Ultra-Strong-Multipurpose-Large-Trash-Bags-Black-Fabuloso-Scent-33-Gallon-40-Count/700297125?classType=VARIANT&selectedSellerId=0",
    "currentPrice": "current price $15.48",
    "pricePerOz": "38.7 ¢/count",
    "pickup": "Pickup at a nearby store",
    "delivery": "Shipping, arrives tomorrow",
    "shipping": "N/A"
  },
  {
    "ioId": "35QFDFVKOV5D",
    "linkIdentifier": "791350548",
    "text": "Ozark Trail 10' x 10' Instant Slant Leg Pop-up Canopy Outdoor Shading Shelter, Blue",
    "href": "/ip/Ozark-Trail-10-x-10-Instant-Slant-Leg-Pop-up-Canopy-Outdoor-Shading-Shelter-Blue-Outdoor-Canopy-Type/791350548?classType=VARIANT&selectedSellerId=0",
    "currentPrice": "current price $49.97",
    "pricePerOz": "N/A",
    "pickup": "Free pickup today",
    "delivery": "Delivery today",
    "shipping": "Free shipping, arrives tomorrow"
  },
  {
    "ioId": "4UIOS5681JKZ",
    "linkIdentifier": "30992815",
    "text": "Versace Eros Eau de Toilette Spray, Cologne for Men, 1.7 Oz",
    "href": "/ip/Versace-Eros-Eau-de-Toilette-Spray-Cologne-for-Men-1-7-Oz/30992815?classType=VARIANT&selectedSellerId=101181566",
    "currentPrice": "current price Now $38.00",
    "pricePerOz": "$75.00",
    "pickup": "Free shipping, arrives in 3+ days",
    "delivery": "N/A",
    "shipping": "N/A"
  },
  {
    "ioId": "3OKWVN5M3Q7D",
    "linkIdentifier": "835119217",
    "text": "Restored 2018 Apple iPad Wi Fi 32 GB Space Gray (6th Generation) (Refurbished)",
    "href": "/ip/Restored-2018-Apple-iPad-Wi-Fi-32-GB-Space-Gray-6th-Generation-Refurbished/835119217?classType=VARIANT&selectedSellerId=5333",
    "currentPrice": "N/A",
    "pricePerOz": "$199.00",
    "pickup": "Free shipping, arrives in 3+ days",
    "delivery": "N/A",
    "shipping": "N/A"
  },
  {
    "ioId": "7KELEG6CX67A",
    "linkIdentifier": "45930659",
    "text": "Regalo Extra Wide Baby Gate, 29.5\"-38.5\" with Walk Through Door, For Ages 6 to 24 Months",
    "href": "/ip/Regalo-Extra-Wide-Baby-Gate-29-38-5-with-Walk-Through-Door-For-Ages-6-to-24-Months/45930659?classType=REGULAR&selectedSellerId=0",
    "currentPrice": "current price Now $39.98",
    "pricePerOz": "$50.00",
    "pickup": "Free pickup today",
    "delivery": "Delivery today",
    "shipping": "Free shipping, arrives tomorrow"
  },
  {
    "ioId": "752PSHOH9GVD",
    "linkIdentifier": "864898049",
    "text": "Hefty Slider Freezer Kitchen Storage Bags, gallon Size, 60 Count",
    "href": "/ip/Hefty-Slider-Freezer-Storage-Bags-Gallon-Size-60-Count/864898049?classType=VARIANT&selectedSellerId=0",
    "currentPrice": "current price $8.12",
    "pricePerOz": "13.5 ¢/count",
    "pickup": "Pickup at a nearby store",
    "delivery": "Shipping, arrives tomorrow",
    "shipping": "N/A"
  },
  {
    "ioId": "4OENDR01JN36",
    "linkIdentifier": "207019146",
    "text": "MS 4x6 Front Loading Tabletop / Wall Picture Frame, Black",
    "href": "/ip/MS-4x6-Front-Loading-Tabletop-Wall-Picture-Frame-Black/207019146?classType=VARIANT&selectedSellerId=0",
    "currentPrice": "current price $0.98",
    "pricePerOz": "N/A",
    "pickup": "Pickup today",
    "delivery": "Delivery today",
    "shipping": "N/A"
  },
  {
    "ioId": "7CPRY42YBDIH",
    "linkIdentifier": "35219425",
    "text": "Scrubbing Bubbles Bathroom Mega Shower, Foamer Spray, Rainshower, 32 fl oz",
    "href": "/ip/Scrubbing-Bubbles-Mega-Shower-Foamer-with-Ultra-Cling-Cleaner-32-fl-oz/35219425?classType=REGULAR&selectedSellerId=0",
    "currentPrice": "current price $4.88",
    "pricePerOz": "15.3 ¢/fl oz",
    "pickup": "Pickup today",
    "delivery": "Delivery today",
    "shipping": "N/A"
  },
  {
    "ioId": "5Y37R2MGCI6G",
    "linkIdentifier": "862190996",
    "text": "Colgate 360 Advanced Floss-Tip Bristles Adult Manual Toothbrush, Soft, 2 Pack",
    "href": "/ip/Colgate-360-Advanced-Floss-Tip-Bristles-Soft-Toothbrush-2-Pack/862190996?classType=VARIANT&selectedSellerId=0",
    "currentPrice": "current price $8.36",
    "pricePerOz": "$2.09/ea",
    "pickup": "Pickup today",
    "delivery": "Delivery today",
    "shipping": "Shipping, arrives tomorrow"
  },
  {
    "ioId": "55LSGVP6YLLI",
    "linkIdentifier": "3404",
    "text": "Dial Antibacterial Deodorant Bar Soap, Advanced Clean, Gold, 4 oz, 8 Bars",
    "href": "/ip/Dial-Antibacterial-Gold-Deodorant-Bar-Soap-4-oz/3404?classType=VARIANT&selectedSellerId=0",
    "currentPrice": "current price $4.98",
    "pricePerOz": "15.6 ¢/oz",
    "pickup": "Pickup today",
    "delivery": "Delivery today",
    "shipping": "N/A"
  },
  {
    "ioId": "5VBGVFT7M2BL",
    "linkIdentifier": "24028090",
    "text": "think! Creamy Peanut Butter High Protein Bars, Gluten Free, 5 count, 10.5 oz",
    "href": "/ip/think-High-Protein-Creamy-Peanut-Butter-Bars-5-Count/24028090?classType=REGULAR&selectedSellerId=0",
    "currentPrice": "current price $8.54",
    "pricePerOz": "81.3 ¢/ounces",
    "pickup": "Pickup today",
    "delivery": "Delivery today",
    "shipping": "Shipping, arrives tomorrow"
  },
  {
    "ioId": "102CK2HEJRUH",
    "linkIdentifier": "16608915",
    "text": "Dove Men+Care Clean Comfort Antiperspirant Deodorant, 2.7 oz",
    "href": "/ip/Dove-Men-Care-Long-Lasting-Antiperspirant-Deodorant-Stick-Clean-Comfort-2-7-oz/16608915?classType=VARIANT&selectedSellerId=0",
    "currentPrice": "current price $6.97",
    "pricePerOz": "$2.58/oz",
    "pickup": "Pickup today",
    "delivery": "Delivery today",
    "shipping": "N/A"
  },
  {
    "ioId": "1WR4WDLGDBK2",
    "linkIdentifier": "35433677",
    "text": "Dove Advanced Care Antiperspirant Deodorant Stick for Women Shea Butter, 2.6 oz",
    "href": "/ip/Dove-Advanced-Care-Antiperspirant-Deodorant-Stick-for-Women-Shea-Butter-2-6-oz/35433677?classType=REGULAR&selectedSellerId=0",
    "currentPrice": "current price $6.97",
    "pricePerOz": "$2.68/oz",
    "pickup": "Pickup today",
    "delivery": "Delivery today",
    "shipping": "N/A"
  },
  {
    "ioId": "4E4DVFYKK58Y",
    "linkIdentifier": "3262867906",
    "text": "Suavitel Liquid Fabric Softener and Conditioner, Morning Sun, 105 oz, 105 Small Loads",
    "href": "/ip/Suavitel-Liquid-Fabric-Conditioner-Laundry-Fabric-Softener-Morning-Sun-Scent-105-oz-Enough-Liquid-For-105-Small-Loads/3262867906?classType=VARIANT&selectedSellerId=0",
    "currentPrice": "current price $8.47",
    "pricePerOz": "8.1 ¢/fl oz",
    "pickup": "Pickup today",
    "delivery": "Delivery today",
    "shipping": "Shipping, arrives tomorrow"
  },
  {
    "ioId": "2W04APUOX6M1",
    "linkIdentifier": "44667882",
    "text": "Scrubbing Bubbles Continuous Clean Drop-Ins - One Toilet Bowl Cleaner Tablet, 4.23 oz, 3 Blue Discs",
    "href": "/ip/Discontinued-SB-DRPINS-BLUE-3-PK/44667882?classType=VARIANT&selectedSellerId=0",
    "currentPrice": "current price $3.88",
    "pricePerOz": "92.4 ¢/oz",
    "pickup": "Pickup today",
    "delivery": "Delivery today",
    "shipping": "N/A"
  },
  {
    "ioId": "1BJ9Y6PGBWUO",
    "linkIdentifier": "14898378",
    "text": "Clorox Toilet Bowl Cleaner w/Bleach, Rain Clean, 24 fl oz, 2 Pack",
    "href": "/ip/Clorox-Toilet-Bowl-Cleaner-w-Bleach-Rain-Clean-24-fl-oz-2-Pack/14898378?classType=VARIANT&selectedSellerId=0",
    "currentPrice": "current price $5.23",
    "pricePerOz": "10.9 ¢/fl oz",
    "pickup": "Pickup today",
    "delivery": "Delivery today",
    "shipping": "N/A"
  },
  {
    "ioId": "2KLL51LZT9MU",
    "linkIdentifier": "49222156",
    "text": "Minties Dental Bone Treats, Chews for Tiny/Small Dogs 5-39 lbs, 40 Count, 16 oz, Shelf-Stable",
    "href": "/ip/Minties-Dental-Bone-Treats-Chews-for-Tiny-Small-Dogs-5-39-lbs-40-Count-16-oz-Shelf-Stable/49222156?classType=VARIANT&selectedSellerId=0",
    "currentPrice": "current price Now $9.94",
    "pricePerOz": "$15.00",
    "pickup": "Pickup at a nearby store",
    "delivery": "Shipping, arrives tomorrow",
    "shipping": "N/A"
  },
  {
    "ioId": "39WDXD857IY0",
    "linkIdentifier": "503748081",
    "text": "Maybelline New York SuperStay Matte Ink Lip Color, 20 Pioneer, 0.17 fl oz",
    "href": "/ip/Maybelline-Superstay-Matte-Ink/503748081?classType=VARIANT&athbdg=L1300&selectedSellerId=0",
    "currentPrice": "current price Now $5.34",
    "pricePerOz": "$9.18",
    "pickup": "Pickup today",
    "delivery": "Delivery today",
    "shipping": "Shipping, arrives tomorrow"
  },
  {
    "ioId": "26010RP2IOLB",
    "linkIdentifier": "377996830",
    "text": "Fabuloso Multi-Purpose Cleaner & Floor Cleaner 2x Concentrated, Tropical Spring - 56 fl oz",
    "href": "/ip/FABULOSO-FABULOSO-LIQ-CLN-CLEANERS-LIQUID-GEL-FABULOSO-TROPICAL-SPRING-BDC-CLN/377996830?classType=VARIANT&selectedSellerId=0",
    "currentPrice": "current price $4.47",
    "pricePerOz": "8.0 ¢/fl oz",
    "pickup": "Pickup today",
    "delivery": "N/A",
    "shipping": "N/A"
  },
  {
    "ioId": "4C7CYF3KOAHG",
    "linkIdentifier": "843280151",
    "text": "Dawn Ultra Liquid Dish Soap, Dishwashing Liquid, Grease Removal, Original, 28oz",
    "href": "/ip/Dawn-Ultra-Dish-Soap-Dishwashing-Liquid-Original-Scent-28-fl-oz/843280151?classType=REGULAR&selectedSellerId=0",
    "currentPrice": "current price $4.66",
    "pricePerOz": "16.6 ¢/fl oz",
    "pickup": "Pickup today",
    "delivery": "N/A",
    "shipping": "N/A"
  },
  {
    "ioId": "1LE4UK63XGN6",
    "linkIdentifier": "11046026",
    "text": "Shout Color Catcher, Laundry Dye-Trapping Sheets, 24 Sheets",
    "href": "/ip/Shout-Color-Catcher-Clothes-24-ct/11046026?classType=REGULAR&selectedSellerId=0",
    "currentPrice": "current price $4.98",
    "pricePerOz": "$20.75/100 ct",
    "pickup": "Pickup today",
    "delivery": "Delivery today",
    "shipping": "Shipping, arrives tomorrow"
  },
  {
    "ioId": "48EP12DMX7BO",
    "linkIdentifier": "10294481",
    "text": "Dove Beauty Bar Soap for Women Original with 1/4 Moisturizing Cream All Skin, 3.75 oz 2 Bars",
    "href": "/ip/Dove-Beauty-Bar-Soap-for-Women-Original-with-1-4-Moisturizing-Cream-All-Skin-3-75-oz-2-Bars/10294481?classType=REGULAR&athbdg=L1600&selectedSellerId=0",
    "currentPrice": "current price $4.47",
    "pricePerOz": "59.6 ¢/oz",
    "pickup": "Pickup today",
    "delivery": "Delivery today",
    "shipping": "N/A"
  },
  {
    "ioId": "2DCTEFWLWHFY",
    "linkIdentifier": "261958576",
    "text": "Mr. Bubble Calm & Sleep Bubble Bath, Calming Lavender, Eucalyptus and Chamomile Scent",
    "href": "/ip/Mr-Bubble-Calm-Sleep-Bubble-Bath-Calming-Lavender-Eucalyptus-and-Chamomile-Scent/261958576?classType=VARIANT&athbdg=L1600&selectedSellerId=0",
    "currentPrice": "current price $4.88",
    "pricePerOz": "13.6 ¢/fl oz",
    "pickup": "Pickup today",
    "delivery": "Delivery today",
    "shipping": "N/A"
  },
  {
    "ioId": "1FSWGBK6U6WZ",
    "linkIdentifier": "273312441",
    "text": "Purina Beggin' Strips Dog Treats with Real Bacon & Beef Flavors Tender Chews, 40 oz Pouch",
    "href": "/ip/Purina-Beggin-Strips-Adult-Jerky-Dog-Snacks-Dog-Treats-Bacon-and-Beef-Flavors/273312441?classType=VARIANT&selectedSellerId=0",
    "currentPrice": "current price $16.88",
    "pricePerOz": "42.2 ¢/oz",
    "pickup": "Pickup today",
    "delivery": "Delivery today",
    "shipping": "Shipping, arrives tomorrow"
  },
  {
    "ioId": "2LMDE6NP3NNL",
    "linkIdentifier": "524087139",
    "text": "Evenflo Omni Plus Modular Travel System with LiteMax Sport Infant Car Seat, Mylar Gray, Unisex",
    "href": "/ip/Evenflo-Omni-Plus-Modular-Travel-System-with-LiteMax-Sport-Infant-Car-Seat-Mylar-Gray-Unisex/524087139?classType=VARIANT&athbdg=L1600&selectedSellerId=0",
    "currentPrice": "current price $229.00",
    "pricePerOz": "N/A",
    "pickup": "Free pickup today",
    "delivery": "Delivery today",
    "shipping": "Free shipping, arrives tomorrow"
  },
  {
    "ioId": "6NS69J3S1RB9",
    "linkIdentifier": "2825007524",
    "text": "Safety 1st Ready,Set, Walk! Activity Center, Lavendar Buzz",
    "href": "/ip/Safety-1-Ready-Set-Walk-DX-Developmental-Walker-Lavender-Buzz/2825007524?classType=VARIANT&athbdg=L1600&selectedSellerId=0",
    "currentPrice": "current price $39.98",
    "pricePerOz": "N/A",
    "pickup": "Free pickup today",
    "delivery": "Delivery today",
    "shipping": "Free shipping, arrives tomorrow"
  },
  {
    "ioId": "2LCROCHK857N",
    "linkIdentifier": "2629954",
    "text": "Waterpik Cordless Water Flosser WP-360, White and Blue",
    "href": "/ip/Waterpik-Cordless-Portable-Rechargeable-Water-Flosser-WP-360-White-and-Blue/2629954?classType=VARIANT&athbdg=L1600&selectedSellerId=0",
    "currentPrice": "current price $37.97",
    "pricePerOz": "N/A",
    "pickup": "Free shipping, arrives tomorrow",
    "delivery": "N/A",
    "shipping": "N/A"
  },
  {
    "ioId": "6YEWORLQ7N0J",
    "linkIdentifier": "35491106",
    "text": "Seresto Vet-Recommended 8-Month Flea & Tick Prevention Collar for Large Dogs 18+ lbs",
    "href": "/ip/Bayer-Seresto-724089579607-Dog-Seresto-Eight-Month-Collar-Large/35491106?classType=VARIANT&selectedSellerId=0",
    "currentPrice": "current price Now $59.98",
    "pricePerOz": "$70.00",
    "pickup": "Free pickup today",
    "delivery": "Free shipping, arrives tomorrow",
    "shipping": "N/A"
  },
  {
    "ioId": "1UUAH3R9T6BK",
    "linkIdentifier": "1898116527",
    "text": "Glad ForceFlex MaxStrength 13 Gallon Tall Kitchen Drawstring Trash Bags, Cherry Blossom, 40 Bags",
    "href": "/ip/Glad-ForceFlex-MaxStrength-13-Gallon-Tall-Kitchen-Drawstring-Trash-Bags-Cherry-Blossom-40-Bags/1898116527?classType=VARIANT&athbdg=L1600&selectedSellerId=0",
    "currentPrice": "current price Now $10.98",
    "pricePerOz": "$27.00",
    "pickup": "Pickup at a nearby store",
    "delivery": "Shipping, arrives tomorrow",
    "shipping": "N/A"
  },
  {
    "ioId": "3PDW82VNXG21",
    "linkIdentifier": "24471247",
    "text": "Glade Automatic Spray Refills, Air Freshener, Infused with Essential Oils, Clean Linen, 6.2 oz, 2 Count",
    "href": "/ip/Glade-Automatic-Spray-Refills-Stocking-Stuffers-Air-Freshener-Infused-with-Essential-Oils-Clean-Linen-6-2-oz-2-Count/24471247?classType=REGULAR&athbdg=L1600&selectedSellerId=0",
    "currentPrice": "current price $9.98",
    "pricePerOz": "80.5 ¢/oz",
    "pickup": "Pickup today",
    "delivery": "Delivery today",
    "shipping": "Shipping, arrives tomorrow"
  },
  {
    "ioId": "5529CCLE95RC",
    "linkIdentifier": "187535692",
    "text": "Febreze Plug In Air Freshener, Odor-Fighting Oil Refill, Mediterranean Lavender, 3 Refills",
    "href": "/ip/Febreze-Odor-Fighting-Fade-Defy-PLUG-Air-Freshener-Refill-Mediterranean-Lavender-3-87-fl-oz-Oil-Refills/187535692?classType=VARIANT&athbdg=L1600&selectedSellerId=0",
    "currentPrice": "current price $12.94",
    "pricePerOz": "$4.98/fl oz",
    "pickup": "Pickup at a nearby store",
    "delivery": "Shipping, arrives tomorrow",
    "shipping": "N/A"
  },
  {
    "ioId": "3X6YQVGMV1Y8",
    "linkIdentifier": "897695536",
    "text": "Colgate Total Active Prevention Whitening Toothpaste, Mint, 2 Pack, 5.1 oz",
    "href": "/ip/Colgate-Total-Whitening-Toothpaste-Mint-2-Pack-5-1-Oz-Tubes/897695536?classType=REGULAR",
    "currentPrice": "N/A",
    "pricePerOz": "N/A",
    "pickup": "Free shipping, arrives in 3+ days",
    "delivery": "N/A",
    "shipping": "N/A"
  },
  {
    "ioId": "5DD2V1IS9GX5",
    "linkIdentifier": "44854983",
    "text": "Palmer's Cocoa Butter Formula Daily Skin Therapy Body Lotion for Dry Skin, 33.8 fl. oz.",
    "href": "/ip/Palmer-s-Cocoa-Butter-Formula-Daily-Skin-Therapy-Body-Lotion-for-Dry-Skin-33-8-fl-oz/44854983?classType=VARIANT&selectedSellerId=0",
    "currentPrice": "current price $13.63",
    "pricePerOz": "40.3 ¢/fl oz",
    "pickup": "Pickup today",
    "delivery": "Delivery today",
    "shipping": "Shipping, arrives tomorrow"
  },
  {
    "ioId": "5SGPEIXAB5FQ",
    "linkIdentifier": "16532749",
    "text": "U by Kotex Clean & Secure Ultra Thin Pads, Heavy Absorbency, 56 Count",
    "href": "/ip/Kotex-Natural-Balance-Ultra-Thin-Long-56ct/16532749?classType=VARIANT&selectedSellerId=0",
    "currentPrice": "current price $7.68",
    "pricePerOz": "13.7 ¢/ea",
    "pickup": "Pickup today",
    "delivery": "Delivery today",
    "shipping": "N/A"
  },
  {
    "ioId": "4C364362I4YT",
    "linkIdentifier": "576410768",
    "text": "Pure Balance Chicken Dinner in Gravy with Peas & Sweet Potatoes & Beef Dinner in Gravy with Carrots & Sun Dried Tomatoes Wet Dog Food Variety Pack, Grain Free, 3.5 oz Cups (12 Pack)",
    "href": "/ip/Pure-Balance-Chicken-Dinner-Gravy-Peas-Sweet-Potatoes-Beef-Carrots-Sun-Dried-Tomatoes-Wet-Dog-Food-Variety-Pack-Grain-Free-3-5-oz-Cups-12-Pack/576410768?classType=REGULAR&selectedSellerId=0",
    "currentPrice": "current price $9.76",
    "pricePerOz": "23.2 ¢/oz",
    "pickup": "Pickup today",
    "delivery": "Delivery today",
    "shipping": "Shipping, arrives tomorrow"
  },
  {
    "ioId": "7HO9VEV5441Y",
    "linkIdentifier": "16672127",
    "text": "Dr. Bronner's Magic Soap - Castile Liquid - Peppermint - 32 oz - 18-in-1 Uses - Adults, Teens, Children 3 and Above",
    "href": "/ip/Dr-Bronner-s-Magic-Soap-Castile-Liquid-Peppermint-32-oz-18-in-1-Uses-Adults-Teens-Children-3-and-Above/16672127?classType=REGULAR&selectedSellerId=0",
    "currentPrice": "current price $16.97",
    "pricePerOz": "53.0 ¢/fl oz",
    "pickup": "Pickup today",
    "delivery": "Delivery today",
    "shipping": "Shipping, arrives tomorrow"
  },
  {
    "ioId": "6JU2WQK9J9J5",
    "linkIdentifier": "17729888",
    "text": "Swiffer Dusters with Extension Pole, Cleaning Kit includes 3ft Extendable Handle + 3 Duster Refills",
    "href": "/ip/Swiffer-Dusters-Extendable-Handle-360-Starter-Kit/17729888?classType=VARIANT&selectedSellerId=0",
    "currentPrice": "current price $9.94",
    "pricePerOz": "N/A",
    "pickup": "Pickup today",
    "delivery": "Delivery today",
    "shipping": "Shipping, arrives tomorrow"
  },
  {
    "ioId": "1T2M3ZMT9E9Q",
    "linkIdentifier": "54410513",
    "text": "OxiClean Large Carpet Cleaner Liquid Solution for Steam Cleaning Machines, 64 fl oz",
    "href": "/ip/OxiClean-Large-Area-Carpet-Cleaner-Machine-Solution-64-fl-oz/54410513?classType=VARIANT&selectedSellerId=0",
    "currentPrice": "current price $14.98",
    "pricePerOz": "23.4 ¢/fl oz",
    "pickup": "Pickup today",
    "delivery": "Delivery today",
    "shipping": "Shipping, arrives tomorrow"
  },
  {
    "ioId": "0V38L1491O09",
    "linkIdentifier": "866915128",
    "text": "Method Body Wash, Pure Peace, 18oz",
    "href": "/ip/Method-Body-Wash-Pure-Peace-18oz/866915128?classType=VARIANT&selectedSellerId=0",
    "currentPrice": "current price $7.98",
    "pricePerOz": "44.3 ¢/fl oz",
    "pickup": "Pickup today",
    "delivery": "Shipping, arrives tomorrow",
    "shipping": "N/A"
  },
  {
    "ioId": "2GVRJO1Y59PC",
    "linkIdentifier": "16672609",
    "text": "Combat Roach Killing Bait Stations for Small and Large Roaches, 12 Count",
    "href": "/ip/Combat-Roach-Killing-Bait-Stations-for-Small-and-Large-Roaches-12-Count/16672609?classType=REGULAR&selectedSellerId=0",
    "currentPrice": "current price $7.84",
    "pricePerOz": "$18.67/ounces",
    "pickup": "Pickup today",
    "delivery": "Delivery today",
    "shipping": "Shipping, arrives tomorrow"
  },
  {
    "ioId": "6H7CMIBGAL2F",
    "linkIdentifier": "937270693",
    "text": "CeraVe Moisturizing Cream, Face Moisturizer & Body Lotion for Normal to Very Dry Skin, 12 oz",
    "href": "/ip/CeraVe-Moisturizing-Cream-Face-Moisturizer-Body-Lotion-for-Normal-to-Very-Dry-Skin-12-oz/937270693?classType=VARIANT&selectedSellerId=0",
    "currentPrice": "current price $14.62",
    "pricePerOz": "$1.22/oz",
    "pickup": "Pickup today",
    "delivery": "Delivery today",
    "shipping": "Shipping, arrives tomorrow"
  },
  {
    "ioId": "1COSK006NY8P",
    "linkIdentifier": "346132861",
    "text": "One A Day Women's Gummy Multivitamin, Multivitamins for Women, 170 Ct",
    "href": "/ip/One-A-Day-Women-s-Gummy-Multivitamin-Multivitamins-for-Women-170-Ct/346132861?classType=VARIANT&selectedSellerId=0",
    "currentPrice": "current price $14.98",
    "pricePerOz": "8.8 ¢/count",
    "pickup": "Pickup today",
    "delivery": "Delivery today",
    "shipping": "Shipping, arrives tomorrow"
  },
  {
    "ioId": "4PY78XM4EITH",
    "linkIdentifier": "716682826",
    "text": "CeraVe Hydrating Cream-to-Foam Facial Cleanser with Hyaluronic Acid for Normal to Dry Skin, 8 fl oz",
    "href": "/ip/CeraVe-Hydrating-Cream-to-Foam-Facial-Cleanser-with-Hyaluronic-Acid-for-Normal-to-Dry-Skin-8-fl-oz/716682826?classType=VARIANT&selectedSellerId=0",
    "currentPrice": "current price $12.37",
    "pricePerOz": "$1.55/fl oz",
    "pickup": "Pickup today",
    "delivery": "Delivery today",
    "shipping": "Shipping, arrives tomorrow"
  },
  {
    "ioId": "12OLC83NYIVU",
    "linkIdentifier": "2258406274",
    "text": "Downy Unstopables Laundry Scent Booster Beads, Lush Scent, 18.2 oz",
    "href": "/ip/Downy-Unstopables-Laundry-Scent-Booster-Beads-Lush-Scent-18-2-oz/2258406274?classType=VARIANT",
    "currentPrice": "N/A",
    "pricePerOz": "N/A",
    "pickup": "Free shipping, arrives in 3+ days",
    "delivery": "N/A",
    "shipping": "N/A"
  },
  {
    "ioId": "43EXEMIZR643",
    "linkIdentifier": "48162792",
    "text": "COVERGIRL + OLAY Simply Ageless 3-in-1 Liquid Foundation, 260 Classic Tan, 1 fl oz",
    "href": "/ip/COVERGIRL-Olay-Simply-Ageless-3-in-1-Foundation-Classic-Tan-1-fl-oz/48162792?classType=VARIANT&selectedSellerId=0",
    "currentPrice": "current price $14.78",
    "pricePerOz": "$14.78/fl oz",
    "pickup": "Pickup today",
    "delivery": "Delivery today",
    "shipping": "Shipping, arrives tomorrow"
  },
  {
    "ioId": "754RZ14IZS2W",
    "linkIdentifier": "5665713771",
    "text": "(3 pack) Garnier Olia Long Lasting Permanent Hair Color Kit with 60% Oils, 6.65 Intense Red",
    "href": "/ip/Garnier-Olia-Long-Lasting-Permanent-Hair-Color-Kit-with-60-Oils-6-65-Intense-Red/5665713771?classType=VARIANT&selectedSellerId=0",
    "currentPrice": "current price $28.41",
    "pricePerOz": "$9.47/ea",
    "pickup": "Pickup at a nearby store",
    "delivery": "Shipping, arrives tomorrow",
    "shipping": "N/A"
  },
  {
    "ioId": "470G110IAEQE",
    "linkIdentifier": "436012005",
    "text": "Dr. Bronner's Magic Soap - Castile Liquid Soap - 32 oz - Body Wash, Face Wash - Unscented - Age Group: Baby & All Ages",
    "href": "/ip/Dr-Bronner-s-Magic-Soap-Castile-Liquid-Soap-32-oz-Body-Wash-Face-Wash-Unscented-Age-Group-Baby-All-Ages/436012005?classType=REGULAR&selectedSellerId=0",
    "currentPrice": "current price $16.97",
    "pricePerOz": "53.0 ¢/fl oz",
    "pickup": "Pickup today",
    "delivery": "Shipping, arrives tomorrow",
    "shipping": "N/A"
  },
  {
    "ioId": "33KGYRPQB5K6",
    "linkIdentifier": "39993094",
    "text": "Degree Advanced Long Lasting Women's Antiperspirant Deodorant Dry Spray Sexy Intrigue, 3.8 oz",
    "href": "/ip/Degree-Advanced-Long-Lasting-Women-s-Antiperspirant-Deodorant-Dry-Spray-Sexy-Intrigue-3-8-oz/39993094?classType=REGULAR&selectedSellerId=0",
    "currentPrice": "current price $6.12",
    "pricePerOz": "$1.61/oz",
    "pickup": "Pickup today",
    "delivery": "Delivery today",
    "shipping": "N/A"
  },
  {
    "ioId": "2IAXYU001M19",
    "linkIdentifier": "485289079",
    "text": "Mr. Clean Clean Freak All Purpose Cleaner Spray, Multi-Surface Cleaning, Gain, 16 fl oz",
    "href": "/ip/Mr-Clean-Clean-Freak-All-Purpose-Kitchen-Cleaner-Gain-Original-Starter-Kit-1-count-16-fl-oz/485289079?classType=VARIANT&athbdg=L1300&selectedSellerId=0",
    "currentPrice": "current price Now $4.94",
    "pricePerOz": "$5.94",
    "pickup": "Pickup today",
    "delivery": "Delivery today",
    "shipping": "Shipping, arrives tomorrow"
  },
  {
    "ioId": "3XDQVV3JA8JB",
    "linkIdentifier": "1596923655",
    "text": "Lysol® Lemon Dilutable Cleaner 28oz.",
    "href": "/ip/Lysol-Lemon-Dilutable-Cleaner-28oz/1596923655?classType=VARIANT&selectedSellerId=0",
    "currentPrice": "current price $3.47",
    "pricePerOz": "12.4 ¢/fl oz",
    "pickup": "Pickup today",
    "delivery": "Delivery today",
    "shipping": "Shipping, arrives tomorrow"
  },
  {
    "ioId": "1GYGHD4UWS0T",
    "linkIdentifier": "26178258",
    "text": "EASY-OFF, Fume Free Oven Cleaner Spray, Lemon Scent, Foam, 14.5 oz, 1 Count, Removes Grease",
    "href": "/ip/EASY-OFF-Fume-Free-Oven-Cleaner-Spray-Lemon-Scent-Foam-14-5-oz-1-Count-Removes-Grease/26178258?classType=VARIANT&selectedSellerId=0",
    "currentPrice": "current price $5.22",
    "pricePerOz": "36.0 ¢/fl oz",
    "pickup": "Pickup today",
    "delivery": "Delivery today",
    "shipping": "N/A"
  },
  {
    "ioId": "3ROVXQWSIV5G",
    "linkIdentifier": "15723915",
    "text": "Liquid-Plumr Drain Clog Remover Gel, Urgent Clear, 17 fl oz",
    "href": "/ip/Liquid-Plumr-Pro-Strength-Clog-Remover-Urgent-Clear-17-Fluid-Ounces/15723915?classType=VARIANT&selectedSellerId=0",
    "currentPrice": "current price $5.54",
    "pricePerOz": "32.6 ¢/fl oz",
    "pickup": "Pickup today",
    "delivery": "Delivery today",
    "shipping": "Shipping, arrives tomorrow"
  },
  {
    "ioId": "3W05H043C6EP",
    "linkIdentifier": "755661246",
    "text": "Good 'n' Fun Triple Flavor Ribs, Rawhide Chews for All Dogs, 24 oz.",
    "href": "/ip/Good-n-Fun-Triple-Flavor-Ribs-Rawhide-Chews-for-All-Dogs-24-oz/755661246?classType=VARIANT&selectedSellerId=0",
    "currentPrice": "current price $18.88",
    "pricePerOz": "78.7 ¢/oz",
    "pickup": "Pickup today",
    "delivery": "Delivery today",
    "shipping": "Shipping, arrives tomorrow"
  },
  {
    "ioId": "52IFY7JG53IC",
    "linkIdentifier": "860901597",
    "text": "Swiffer Wet Jet Mop Wood Refill Solution, Hardwood Floor Cleaner, Antibacterial, 42.2oz, 2 Pack",
    "href": "/ip/Swiffer-WetJet-Antibacterial-Solution-Refill-for-Floor-Mopping-and-Cleaning-Citrus-84-4-fl-oz-2-Pk/860901597?classType=VARIANT&selectedSellerId=0",
    "currentPrice": "current price $13.58",
    "pricePerOz": "16.1 ¢/fl oz",
    "pickup": "Pickup today",
    "delivery": "Delivery today",
    "shipping": "Shipping, arrives tomorrow"
  },
  {
    "ioId": "1PQWR75ZGDKF",
    "linkIdentifier": "34204884",
    "text": "Greenies Original Large Natural Dry Dental Treats for Dogs, 6 Oz Pack (4 Treats)",
    "href": "/ip/GREENIES-Original-Large-Dog-Dental-Chews-6-Ounces-4-Treats/34204884?classType=VARIANT&selectedSellerId=101020042",
    "currentPrice": "current price Now $7.90",
    "pricePerOz": "$22.52",
    "pickup": "Free shipping, arrives in 3+ days",
    "delivery": "N/A",
    "shipping": "N/A"
  },
  {
    "ioId": "6WHUHG1XWWBV",
    "linkIdentifier": "33606263",
    "text": "Nasacort 24 Hour Multi-System Nasal Allergy Spray 120 Sprays",
    "href": "/ip/Nasacort-Allergy-24-HR-Multi-Symptom-Nasal-Allergy-Relief-Spray-120-count/33606263?classType=VARIANT&selectedSellerId=0",
    "currentPrice": "current price $19.96",
    "pricePerOz": "$35.02/fl oz",
    "pickup": "Pickup today",
    "delivery": "Delivery today",
    "shipping": "Shipping, arrives tomorrow"
  },
  {
    "ioId": "1XE368OFFZEW",
    "linkIdentifier": "16664843",
    "text": "Libman Nitty Gritty Roller Mop with Scrub Brush",
    "href": "/ip/Libman-Nitty-Gritty-Roller-Mop-with-Scrub-Brush/16664843?classType=REGULAR&selectedSellerId=0",
    "currentPrice": "current price $13.63",
    "pricePerOz": "$1.22/ea",
    "pickup": "Pickup today",
    "delivery": "Delivery today",
    "shipping": "Shipping, arrives tomorrow"
  },
  {
    "ioId": "4RC15WGNMVPC",
    "linkIdentifier": "983526221",
    "text": "Garden of Life Organic Plant Based Probiotic 20g Protein Shake Drink Powder for Digestive Gut Health, Vegan, Vanilla, 20g, 19.05oz",
    "href": "/ip/Garden-of-Life-Organic-Protein-Powder-Vanilla-20g-19-05oz/983526221?classType=REGULAR&selectedSellerId=0",
    "currentPrice": "current price $19.97",
    "pricePerOz": "$1.11/oz",
    "pickup": "Pickup today",
    "delivery": "Shipping, arrives tomorrow",
    "shipping": "N/A"
  },
  {
    "ioId": "3Y14K5FXHIMA",
    "linkIdentifier": "21128213",
    "text": "COVERGIRL + OLAY Simply Ageless Wrinkle Defying Foundation, 225 Buff Beige",
    "href": "/ip/COVERGIRL-Olay-Simply-Ageless-Foundation-225-Buff-Beige/21128213?classType=VARIANT&selectedSellerId=0",
    "currentPrice": "current price $14.97",
    "pricePerOz": "$37.43/oz",
    "pickup": "Pickup today",
    "delivery": "Delivery today",
    "shipping": "Shipping, arrives tomorrow"
  },
  {
    "ioId": "27516INTZ9A8",
    "linkIdentifier": "232014885",
    "text": "One A Day Women's 50+ Multivitamin Tablets, Multivitamins for Women, 200 Count",
    "href": "/ip/One-A-Day-Women-s-50-Multivitamin-Tablets-Multivitamins-for-Women-200-Count/232014885?classType=VARIANT&selectedSellerId=0",
    "currentPrice": "current price $19.98",
    "pricePerOz": "10.0 ¢/count",
    "pickup": "Pickup today",
    "delivery": "Delivery today",
    "shipping": "Shipping, arrives tomorrow"
  },
  {
    "ioId": "49MQXAYRMNMC",
    "linkIdentifier": "557068210",
    "text": "Cosco Kids Funsport Portable Compact Baby Play Yard with Carry Bag, Gray Arrows",
    "href": "/ip/Cosco-Kids-Funsport-Portable-Compact-Baby-Play-Yard-with-Carry-Bag-Gray-Arrows/557068210?classType=VARIANT&selectedSellerId=0",
    "currentPrice": "current price $49.98",
    "pricePerOz": "N/A",
    "pickup": "N/A",
    "delivery": "N/A",
    "shipping": "N/A"
  },
  {
    "ioId": "5TWCO21MNFGO",
    "linkIdentifier": "536152791",
    "text": "Bona Spray Mop for Hardwood Floors, with Refillable Cartridge & Washable Microfiber Pad",
    "href": "/ip/Bona-Spray-Mop-for-Hardwood-Floors-with-Refillable-Cartridge-Washable-Microfiber-Pad/536152791?classType=VARIANT&athbdg=L1300&selectedSellerId=0",
    "currentPrice": "current price Now $29.48",
    "pricePerOz": "$32.94",
    "pickup": "Pickup today",
    "delivery": "Delivery today",
    "shipping": "Shipping, arrives tomorrow"
  },
  {
    "ioId": "446FIVHQWGDZ",
    "linkIdentifier": "910502888",
    "text": "Dial Liquid Hand Soap, Ocean Splash, 7.5 fl oz",
    "href": "/ip/Dial-Liquid-Hand-Soap-Ocean-Splash-7-5-fl-oz/910502888?classType=REGULAR&athbdg=L1600&selectedSellerId=0",
    "currentPrice": "current price $1.34",
    "pricePerOz": "17.9 ¢/fl oz",
    "pickup": "Pickup today",
    "delivery": "Delivery today",
    "shipping": "N/A"
  },
  {
    "ioId": "2Q0TQ5KUEIWB",
    "linkIdentifier": "329942605",
    "text": "Ol' Roy Filet Mignon Flavor Cuts in Gravy, 13.2 oz Can",
    "href": "/ip/Ol-Roy-Filet-Mignon-Flavor-Cuts-in-Gravy-13-2-oz-Can/329942605?classType=VARIANT&athbdg=L1300&selectedSellerId=0",
    "currentPrice": "current price Now $1.24",
    "pricePerOz": "$1.43",
    "pickup": "Pickup today",
    "delivery": "Delivery today",
    "shipping": "N/A"
  },
  {
    "ioId": "6NN2LOZAE3CX",
    "linkIdentifier": "10318899",
    "text": "Cesar Classic Loaf in Sauce Filet Mignon Wet Dog Food Adult, 3.5 oz. Easy Peel Tray",
    "href": "/ip/Cesar-Classic-Loaf-In-Sauce-Filet-Mignon-Wet-Dog-Food-Adult-3-5-oz-Easy-Peel-Tray/10318899?classType=VARIANT&athbdg=L1600&selectedSellerId=0",
    "currentPrice": "current price $1.28",
    "pricePerOz": "36.6 ¢/oz",
    "pickup": "Pickup today",
    "delivery": "Delivery today",
    "shipping": "N/A"
  },
  {
    "ioId": "1VRYJS8GZ7HE",
    "linkIdentifier": "49550261",
    "text": "Secret Outlast Clear Gel Antiperspirant Deodorant for Women, Completely Clean, 3.4 oz",
    "href": "/ip/Secret-Outlast-Clear-Gel-Antiperspirant-Deodorant-for-Women-Completely-Clean-3-4-oz/49550261?classType=REGULAR&selectedSellerId=0",
    "currentPrice": "current price $7.97",
    "pricePerOz": "$2.34/oz",
    "pickup": "Pickup today",
    "delivery": "Delivery today",
    "shipping": "N/A"
  },
  {
    "ioId": "0YDOSXM1AZKK",
    "linkIdentifier": "12443844",
    "text": "Clorox Bleach Automatic Toilet Bowl Cleaner Tablets, 2 Pack",
    "href": "/ip/Clorox-Bleach-Automatic-Toilet-Bowl-Cleaner-Tablets-2-Pack/12443844?classType=REGULAR&athbdg=L1600&selectedSellerId=0",
    "currentPrice": "current price Now $5.78",
    "pricePerOz": "$6.78",
    "pickup": "Pickup at a nearby store",
    "delivery": "Shipping, arrives tomorrow",
    "shipping": "N/A"
  },
  {
    "ioId": "7DFFK06265TK",
    "linkIdentifier": "863036498",
    "text": "L'Oreal Paris Elvive Hyaluron Plump Hydrating Conditioner, Squeeze Bottle, 26.5 fl oz",
    "href": "/ip/L-Oreal-Paris-Elvive-Hyaluron-Plump-Moisturizing-Conditioner-Hyaluronic-Acid-All-Hair-Types-26-5-fl-oz/863036498?classType=VARIANT&athbdg=L1600&selectedSellerId=0",
    "currentPrice": "current price $8.97",
    "pricePerOz": "33.8 ¢/fl oz",
    "pickup": "Pickup today",
    "delivery": "Delivery today",
    "shipping": "Shipping, arrives tomorrow"
  },
  {
    "ioId": "5SSHMONZUTLW",
    "linkIdentifier": "864990029",
    "text": "Schwarzkopf Got2b Metallics Permanent Hair Color, M69 Amethyst Chrome All Ages Unisex",
    "href": "/ip/Schwarzkopf-Got2b-Metallics-Permanent-Hair-Color-M69-Amethyst-Chrome/864990029?classType=VARIANT&selectedSellerId=0",
    "currentPrice": "current price $11.97",
    "pricePerOz": "N/A",
    "pickup": "Pickup today",
    "delivery": "Delivery today",
    "shipping": "Shipping, arrives tomorrow"
  },
  {
    "ioId": "2SU7FDMJY16E",
    "linkIdentifier": "19717166",
    "text": "Pup-Peroni Original Beef Flavor Dog Treats, 5.6oz Bag",
    "href": "/ip/Pup-Peroni-Original-Beef-Flavor-Dog-Treats-5-6oz-Bag/19717166?classType=VARIANT&selectedSellerId=1150",
    "currentPrice": "current price $9.99",
    "pricePerOz": "$1.78/oz",
    "pickup": "Free shipping, arrives in 3+ days",
    "delivery": "N/A",
    "shipping": "N/A"
  },
  {
    "ioId": "1D84GH4BD7SS",
    "linkIdentifier": "27129758",
    "text": "FRONTLINE® Plus For Cat & Kitten Flea & Tick Spot Treatment, 3ct",
    "href": "/ip/FRONTLINE-PLUS-CAT-Cats/27129758?classType=VARIANT&athbdg=L1300&selectedSellerId=0",
    "currentPrice": "current price Now $34.97",
    "pricePerOz": "$43.12",
    "pickup": "Pickup at a nearby store",
    "delivery": "Shipping, arrives tomorrow",
    "shipping": "N/A"
  },
  {
    "ioId": "6MOAE6DS8A1Y",
    "linkIdentifier": "14179130",
    "text": "Equate Bath Chair and Shower Chair with Back - Seat for Elderly, Handicap, Disabled, 350lbs, Black",
    "href": "/ip/Equate-Bath-Chair-and-Shower-Chair-with-Back-Shower-Seat-for-Elderly-Handicap-and-Disabled-350lbs-Easy-Assembly-Black/14179130?classType=REGULAR&athbdg=L1600&selectedSellerId=0",
    "currentPrice": "current price $39.98",
    "pricePerOz": "N/A",
    "pickup": "Free pickup today",
    "delivery": "Delivery today",
    "shipping": "Free shipping, arrives tomorrow"
  },
  {
    "ioId": "21316P4VBRLU",
    "linkIdentifier": "825468231",
    "text": "PetSafe ScoopFree Crystal Classic Self-Cleaning Cat Litter Box, Unbeatable Odor Control, Gray",
    "href": "/ip/PetSafe-ScoopFree-Crystal-Classic-Self-Cleaning-Cat-Litter-Box-Unbeatable-Odor-Control-Gray/825468231?classType=REGULAR&athbdg=L1300&selectedSellerId=0",
    "currentPrice": "current price Now $99.00",
    "pricePerOz": "$139.95",
    "pickup": "Pickup at a nearby store",
    "delivery": "Free shipping, arrives tomorrow",
    "shipping": "N/A"
  },
  {
    "ioId": "702DPP56PFC9",
    "linkIdentifier": "5553635264",
    "text": "(24 pack) Purina Friskies Extra Gravy Pate With Chicken, Wet Cat Food, 5.5 oz Can",
    "href": "/ip/Purina-Friskies-Gravy-Pate-Wet-Cat-Food-Extra-Gravy-Pate-With-Chicken-in-Savory-Gravy-5-5-oz-Can/5553635264?classType=VARIANT&athbdg=L1600&selectedSellerId=0",
    "currentPrice": "current price $18.48",
    "pricePerOz": "14.0 ¢/oz",
    "pickup": "Pickup today",
    "delivery": "Delivery today",
    "shipping": "Shipping, arrives tomorrow"
  },
  {
    "ioId": "1TPTBK3MK9F0",
    "linkIdentifier": "601953754",
    "text": "Butchers Naturals Pig Ears Treats for Dogs, 10 pieces",
    "href": "/ip/Butcher-s-Naturals-Dry-Pig-Ears-Natural-Treats-for-Dogs-10-Pieces/601953754?classType=REGULAR&selectedSellerId=0",
    "currentPrice": "current price $19.97",
    "pricePerOz": "$1.43/oz",
    "pickup": "Pickup at a nearby store",
    "delivery": "Shipping, arrives tomorrow",
    "shipping": "N/A"
  },
  {
    "ioId": "2GUIR53J006V",
    "linkIdentifier": "173625240",
    "text": "Flintstones Gummies Plus Immunity Support, Vitamin C & Zinc, 150 Count",
    "href": "/ip/Flintstones-Gummies-Kids-Multivitamin-w-Immunity-Support-150-Count/173625240?classType=REGULAR&selectedSellerId=0",
    "currentPrice": "current price $14.62",
    "pricePerOz": "9.7 ¢/count",
    "pickup": "Pickup today",
    "delivery": "Delivery today",
    "shipping": "Shipping, arrives tomorrow"
  },
  {
    "ioId": "6AKTDYME87TU",
    "linkIdentifier": "140038312",
    "text": "Neutrogena Hydro Boost Gentle Exfoliating Face Scrub, Facial Cleanser, 5 oz",
    "href": "/ip/Neutrogena-Ntg-Hyd-Boost-Ex-Cln/140038312?classType=REGULAR&selectedSellerId=0",
    "currentPrice": "current price Now $9.97",
    "pricePerOz": "$14.82",
    "pickup": "Pickup today",
    "delivery": "Delivery today",
    "shipping": "Shipping, arrives tomorrow"
  },
  {
    "ioId": "4FGS51KQ5FVC",
    "linkIdentifier": "14711223",
    "text": "L'il Critters Immune C Kids Gummy Vitamin Supplement, Fruit Flavored, 190 Count",
    "href": "/ip/L-il-Critters-Dietary-Supplement-Immune-C-Plus-Zinc-Echinacea-Gummy-Bears-190ct/14711223?classType=REGULAR&selectedSellerId=0",
    "currentPrice": "current price $11.53",
    "pricePerOz": "6.1 ¢/count",
    "pickup": "Pickup today",
    "delivery": "Delivery today",
    "shipping": "Shipping, arrives tomorrow"
  },
  {
    "ioId": "78MBLHLCE05H",
    "linkIdentifier": "164423423",
    "text": "Great Value Pet Carpet Stain Remover, Fresh Scent, 64 Fluid Ounce",
    "href": "/ip/Great-Value-Carpet-Cleaner-Pet-64oz/164423423?classType=REGULAR&selectedSellerId=0",
    "currentPrice": "current price $15.97",
    "pricePerOz": "25.0 ¢/fl oz",
    "pickup": "Pickup today",
    "delivery": "Delivery today",
    "shipping": "Shipping, arrives tomorrow"
  },
  {
    "ioId": "3LBO21G8VJJL",
    "linkIdentifier": "21881818",
    "text": "CritterCare Natural Paper Small Pet Bedding, 60 L",
    "href": "/ip/CritterCare-Natural-Paper-Small-Pet-Bedding-60-L/21881818?classType=VARIANT&selectedSellerId=0",
    "currentPrice": "current price $19.98",
    "pricePerOz": "0.5 ¢/cubic inch",
    "pickup": "Pickup today",
    "delivery": "Shipping, arrives tomorrow",
    "shipping": "N/A"
  },
  {
    "ioId": "7C49BHWH2MEA",
    "linkIdentifier": "721898445",
    "text": "OLLY Metabolism Gummy Rings, Apple Cider Vinegar, B12, Chromium, Apple Flavor with Other Natural Flavors, 30 Ct",
    "href": "/ip/OLLY-Metabolism-Gummy-Rings-Apple-Cider-Vinegar-B12-Chromium-Apple-Flavor-30-Ct/721898445?classType=VARIANT&selectedSellerId=0",
    "currentPrice": "current price $17.47",
    "pricePerOz": "58.2 ¢/count",
    "pickup": "Pickup today",
    "delivery": "Delivery today",
    "shipping": "Shipping, arrives tomorrow"
  },
  {
    "ioId": "5VYGTB7H64V4",
    "linkIdentifier": "334116298",
    "text": "Trudeau Silicone 12 Count Muffin Pan, Multicolor Confetti, Dishwasher Safe",
    "href": "/ip/Trudeau-Silicone-12-Count-Muffin-Pan-Multicolor-Confetti-Dishwasher-Safe/334116298?classType=VARIANT&selectedSellerId=0",
    "currentPrice": "current price $13.37",
    "pricePerOz": "N/A",
    "pickup": "Pickup today",
    "delivery": "Delivery today",
    "shipping": "Shipping, arrives tomorrow"
  },
  {
    "ioId": "5RN7V7ACOWW3",
    "linkIdentifier": "20557869",
    "text": "Schick Intuition 4-Blade Sensitive Care Women's Razor Cartridge Refills, 3 Ct, Lather & Shave in One Step, With Aloe & Vitamin E",
    "href": "/ip/Schick-Intuition-4-Blade-Sensitive-Care-Women-s-Razor-Cartridge-Refills-3-Ct-Lather-Shave-in-One-Step-With-Aloe-Vitamin-E/20557869?classType=VARIANT&selectedSellerId=2193",
    "currentPrice": "current price Now $9.99",
    "pricePerOz": "$13.99",
    "pickup": "Shipping, arrives tomorrow",
    "delivery": "N/A",
    "shipping": "N/A"
  },
  {
    "ioId": "4FUFSVHJBZ95",
    "linkIdentifier": "642853603",
    "text": "Pennington Select Mealworms, Bluebird and Wild Bird Food, 17.6 oz. Bag, 1 Pack, Dry",
    "href": "/ip/Pennington-Select-Mealworms-Bluebird-and-Wild-Bird-Food-17-6-oz-Bag-1-Pack-Dry/642853603?classType=VARIANT&selectedSellerId=0",
    "currentPrice": "current price $14.94",
    "pricePerOz": "$13.58/lb",
    "pickup": "Pickup today",
    "delivery": "Delivery today",
    "shipping": "Shipping, arrives tomorrow"
  },
  {
    "ioId": "1ZFNQQ53CN60",
    "linkIdentifier": "334879365",
    "text": "Fujifilm Instax Mini Instant Film Value Pack (Mini Rainbow and Mini Confetti), 20 exposures",
    "href": "/ip/Fujifilm-Instax-Mini-Film-20-count-Value-Pack-1-pack-Instax-Rainblow-Film-and-1-pack-Instax-Confetti/334879365?classType=VARIANT&selectedSellerId=0",
    "currentPrice": "current price $15.88",
    "pricePerOz": "N/A",
    "pickup": "Pickup today",
    "delivery": "Delivery today",
    "shipping": "Shipping, arrives tomorrow"
  },
  {
    "ioId": "2TT332CZZDC5",
    "linkIdentifier": "14978527",
    "text": "Remington 1” Flat Iron with Anti-Static Technology, S5500G",
    "href": "/ip/Remington-1-Anti-Static-Flat-Iron-with-Floating-Ceramic-Plates-and-Digital-Controls-Hair-Straightener-Black/14978527?classType=VARIANT&athbdg=L1300&selectedSellerId=0",
    "currentPrice": "current price Now $17.84",
    "pricePerOz": "$19.84",
    "pickup": "Pickup today",
    "delivery": "Delivery today",
    "shipping": "Shipping, arrives tomorrow"
  },
  {
    "ioId": "5PH0CTG3DMYR",
    "linkIdentifier": "587022705",
    "text": "CeraVe Acne Resurfacing Retinol Face Serum for Acne Prone Skin, 1 fl oz",
    "href": "/ip/CeraVe-Acne-Resurfacing-Retinol-Face-Serum-with-Retinol-Niacinamide-for-Acne-Prone-Skin-1-fl-oz/587022705?classType=VARIANT&selectedSellerId=0",
    "currentPrice": "current price $19.62",
    "pricePerOz": "$19.62/oz",
    "pickup": "Pickup today",
    "delivery": "Delivery today",
    "shipping": "Shipping, arrives tomorrow"
  },
  {
    "ioId": "4DBI525JI3GK",
    "linkIdentifier": "10293793",
    "text": "Nexxus Comb Thru Finishing Mist Medium Hold Hairspray, 10 oz",
    "href": "/ip/Nexxus-Comb-Thru-Natural-Hold-Design-And-Finishing-Mist-10-fl-oz/10293793?classType=VARIANT&selectedSellerId=0",
    "currentPrice": "current price $14.97",
    "pricePerOz": "$1.50/oz",
    "pickup": "Pickup today",
    "delivery": "Delivery today",
    "shipping": "Shipping, arrives tomorrow"
  },
  {
    "ioId": "132KPBB3Q3DI",
    "linkIdentifier": "304928202",
    "text": "Enfamil NeuroPro EnfaCare Premature Discharge Powder Baby Formula, 13.6 oz Can",
    "href": "/ip/Enfamil-NeuroPro-EnfaCare-Premature-Baby-Formula-Milk-Based-with-Iron-Powder-Can-13-6-Oz/304928202?classType=VARIANT&selectedSellerId=0",
    "currentPrice": "current price $29.86",
    "pricePerOz": "$2.20/oz",
    "pickup": "Pickup today",
    "delivery": "Delivery today",
    "shipping": "Shipping, arrives tomorrow"
  },
  {
    "ioId": "4FCJ6AI1P8L1",
    "linkIdentifier": "145986647",
    "text": "WoodWick Medium Hourglass Trilogy Scented Candle, Café Sweets, 9.7 oz",
    "href": "/ip/WoodWick-Medium-Hourglass-Candles-Trilogy-Cafe-Sweets/145986647?classType=VARIANT&selectedSellerId=0",
    "currentPrice": "current price $16.87",
    "pricePerOz": "$1.69/oz",
    "pickup": "Shipping, arrives tomorrow",
    "delivery": "N/A",
    "shipping": "N/A"
  },
  {
    "ioId": "2Q5GBZUQP4EM",
    "linkIdentifier": "737478640",
    "text": "George Men's Premium Straight Fit Khaki Pants",
    "href": "/ip/George-Men-s-Premium-Straight-Fit-Khaki-Pants/737478640?classType=VARIANT&selectedSellerId=0",
    "currentPrice": "current price $19.98",
    "pricePerOz": "N/A",
    "pickup": "Pickup at a nearby store",
    "delivery": "Shipping, arrives tomorrow",
    "shipping": "N/A"
  },
  {
    "ioId": "2RSRD0JNESUQ",
    "linkIdentifier": "1089842077",
    "text": "Scrubstar Unisex Core Essentials Drawstring Scrub Pant, Sizes XS-3XL",
    "href": "/ip/Scrubstar-Unisex-Core-Essentials-Drawstring-Scrub-Pant/1089842077?classType=VARIANT&selectedSellerId=0",
    "currentPrice": "current price $13.50",
    "pricePerOz": "N/A",
    "pickup": "Shipping, arrives in 3+ days",
    "delivery": "N/A",
    "shipping": "N/A"
  },
  {
    "ioId": "5VDJHRWQTER7",
    "linkIdentifier": "16351111",
    "text": "Sterilite 2 Bushel Ultra™ Laundry Basket Plastic, White",
    "href": "/ip/Sterilite-2-Bushel-Ultra-Laundry-Basket-Plastic-Adult-White/16351111?classType=VARIANT&selectedSellerId=0",
    "currentPrice": "current price $11.98",
    "pricePerOz": "N/A",
    "pickup": "Pickup today",
    "delivery": "Delivery today",
    "shipping": "N/A"
  },
  {
    "ioId": "1A573ORAPH41",
    "linkIdentifier": "346254805",
    "text": "Disney Junior Minnie Mouse Flipping Fun Pretend Play Kitchen Set, Play Food, Realistic Sounds, Kids Toys for Ages 3 up",
    "href": "/ip/Disney-Junior-Minnie-Mouse-Flipping-Fun-Pretend-Play-Kitchen-Set-Play-Food-Realistic-Sounds-Kids-Toys-for-Ages-3-up/346254805?classType=REGULAR&selectedSellerId=0",
    "currentPrice": "current price $68.00",
    "pricePerOz": "N/A",
    "pickup": "Free pickup today",
    "delivery": "Delivery today",
    "shipping": "Free shipping, arrives tomorrow"
  },
  {
    "ioId": "7DJJ3JMU58PL",
    "linkIdentifier": "15935616",
    "text": "Dial Antibacterial Foaming Hand Wash, Power Berries, 7.5 fl oz",
    "href": "/ip/Dial-Antibacterial-Foaming-Hand-Wash-Power-Berries-7-5-fl-oz/15935616?classType=VARIANT&selectedSellerId=0",
    "currentPrice": "current price $2.68",
    "pricePerOz": "35.7 ¢/fl oz",
    "pickup": "Pickup today",
    "delivery": "Delivery today",
    "shipping": "N/A"
  },
  {
    "ioId": "7FTVJQYNJXZ5",
    "linkIdentifier": "21777410",
    "text": "Spray 'n Wash, Liquid Laundry Stain Remover, 22 oz, Original Scent, 1st Time Satin Removal",
    "href": "/ip/Resolve-Pre-Treat-Laundry-Stain-Remover-22-Ounce/21777410?classType=REGULAR&selectedSellerId=0",
    "currentPrice": "current price $2.98",
    "pricePerOz": "13.5 ¢/fl oz",
    "pickup": "Pickup today",
    "delivery": "Delivery today",
    "shipping": "N/A"
  },
  {
    "ioId": "51GFHOYV3JMA",
    "linkIdentifier": "156857172",
    "text": "Palmolive Ultra Concentrated Antibacterial Liquid Dish Soap, Orange Scent, 32.5 Fluid Ounce Bottle",
    "href": "/ip/Palmolive-Palmolive-Antibacterial-Ultra-HD-Dish-Hand-Palm-Antibacterial-Ultra-HD/156857172?classType=REGULAR&selectedSellerId=0",
    "currentPrice": "current price $3.98",
    "pricePerOz": "12.2 ¢/fl oz",
    "pickup": "Pickup today",
    "delivery": "Delivery today",
    "shipping": "N/A"
  },
  {
    "ioId": "5JVXFM2NOZR5",
    "linkIdentifier": "162179469",
    "text": "Softsoap Liquid Hand Soap, Kitchen and Bathroom Hand Soap, Fresh Breeze, 7.5 Fluid Ounce",
    "href": "/ip/Softsoap-Liquid-Hand-Soap-Kitchen-and-Bathroom-Hand-Soap-Fresh-Breeze-7-5-Fluid-Ounce/162179469?classType=VARIANT&selectedSellerId=0",
    "currentPrice": "current price $1.24",
    "pricePerOz": "16.5 ¢/fl oz",
    "pickup": "Pickup today",
    "delivery": "Delivery today",
    "shipping": "N/A"
  },
  {
    "ioId": "29W4653JW8A6",
    "linkIdentifier": "43931219",
    "text": "Brillo Steel Wool Soap Pads, 10 Count",
    "href": "/ip/Brillo-Steel-Wool-Soap-Pads-10-count/43931219?classType=VARIANT&selectedSellerId=0",
    "currentPrice": "current price $2.77",
    "pricePerOz": "27.7 ¢/count",
    "pickup": "Pickup today",
    "delivery": "N/A",
    "shipping": "N/A"
  },
  {
    "ioId": "65Q5MN907W08",
    "linkIdentifier": "49714958",
    "text": "Colgate Baking Soda and Peroxide Whitening Toothpaste Gel, Frosty Mint, 6 oz Tube",
    "href": "/ip/Colgate-Baking-Soda-Peroxide-Whitening-Frosty-Mint-Anticavity-Fluoride-Toothpaste-6-oz/49714958?classType=VARIANT&selectedSellerId=0",
    "currentPrice": "current price $2.12",
    "pricePerOz": "35.3 ¢/oz",
    "pickup": "Pickup today",
    "delivery": "Delivery today",
    "shipping": "N/A"
  },
  {
    "ioId": "1B6ZRY453S3C",
    "linkIdentifier": "272537458",
    "text": "Ol' Roy Munchy Bone Dog Treats, Bacon and Cheese, 2.8 oz, 1 Count",
    "href": "/ip/Ol-Roy-Munchy-Bone-Dog-Treats-Bacon-Cheese-2-8-oz-1-Count/272537458?classType=VARIANT&selectedSellerId=0",
    "currentPrice": "current price $1.00",
    "pricePerOz": "35.7 ¢/oz",
    "pickup": "N/A",
    "delivery": "N/A",
    "shipping": "N/A"
  },
  {
    "ioId": "5RMWDWRJ3ZB6",
    "linkIdentifier": "55145533",
    "text": "Dial Antibacterial Foaming Hand Wash, Citrus Sunburst, 7.5 fl oz",
    "href": "/ip/Dial-Antibacterial-Foaming-Hand-Wash-Citrus-Sunburst-7-5-fl-oz/55145533?classType=VARIANT&selectedSellerId=0",
    "currentPrice": "current price $2.68",
    "pricePerOz": "35.7 ¢/fl oz",
    "pickup": "Pickup today",
    "delivery": "Delivery today",
    "shipping": "N/A"
  },
  {
    "ioId": "163J3IRV8U1Z",
    "linkIdentifier": "39519511",
    "text": "Cool Gel 8\" Full Size Medium Tight Top Gel Memory Foam Mattress, White",
    "href": "/ip/Cool-Gel-8-Gel-Memory-Foam-Mattress-Full/39519511?classType=VARIANT&selectedSellerId=0",
    "currentPrice": "current price Now $148.00",
    "pricePerOz": "$199.00",
    "pickup": "Free shipping, arrives in 2 days",
    "delivery": "N/A",
    "shipping": "N/A"
  },
  {
    "ioId": "3117T0UJLW5K",
    "linkIdentifier": "212092810",
    "text": "Midea 5,000 BTU 150 Sq ft Mechanical Window Air Conditioner, White, MAW05M1WWT, New",
    "href": "/ip/Midea-5-000-BTU-150-Sq-ft-Mechanical-Window-Air-Conditioner-White-MAW05M1WWT/212092810?classType=VARIANT&athbdg=L1600&selectedSellerId=101203551",
    "currentPrice": "current price $144.00",
    "pricePerOz": "N/A",
    "pickup": "Free shipping, arrives in 3+ days",
    "delivery": "N/A",
    "shipping": "N/A"
  },
  {
    "ioId": "7G3QGFJ7Y344",
    "linkIdentifier": "130647144",
    "text": "Windex Glass Cleaner, Original Blue, New Spray Bottle, 32 fl oz",
    "href": "/ip/Windex-Glass-Cleaner-Original-Blue-New-Spray-Bottle-32-fl-oz/130647144?classType=VARIANT&athbdg=L1600&selectedSellerId=102562056",
    "currentPrice": "current price $7.52",
    "pricePerOz": "23.5 ¢/fl oz",
    "pickup": "Free shipping, arrives in 3+ days",
    "delivery": "N/A",
    "shipping": "N/A"
  },
  {
    "ioId": "5LC775PTNSLC",
    "linkIdentifier": "24547739",
    "text": "Spring Valley Biotin Hair/Skin/Nails Health Dietary Supplement Softgels, 10,000 Mcg, 120 Count",
    "href": "/ip/Spring-Valley-Biotin-Dietary-Supplement-Softgels-10-000mcg-120-count/24547739?classType=REGULAR&athbdg=L1600&selectedSellerId=0",
    "currentPrice": "current price $8.88",
    "pricePerOz": "7.4 ¢/count",
    "pickup": "Pickup today",
    "delivery": "Delivery today",
    "shipping": "Shipping, arrives tomorrow"
  },
  {
    "ioId": "3GB5JBQIW7YA",
    "linkIdentifier": "179939872",
    "text": "Pen+Gear Standard Sheet Protectors, Clear, 8.5\" x 11\", 25 Count",
    "href": "/ip/Pen-Gear-Standard-Sheet-Protectors-Clear-8-5-x-11-25-Count/179939872?classType=VARIANT&athbdg=L1600&selectedSellerId=0",
    "currentPrice": "current price $2.44",
    "pricePerOz": "N/A",
    "pickup": "Pickup today",
    "delivery": "Delivery today",
    "shipping": "Shipping, arrives tomorrow"
  },
  {
    "ioId": "74SF5Z4703C3",
    "linkIdentifier": "1158184954",
    "text": "Bluey Toddler Girl Athletic High Top Sneaker",
    "href": "/ip/Disney-Toddler-Girl-Bluey-Bingo-High-Top-Sneakers/1158184954?classType=VARIANT&athbdg=L1600&selectedSellerId=0",
    "currentPrice": "current price Now $6.00",
    "pricePerOz": "$9.98",
    "pickup": "Shipping, arrives tomorrow",
    "delivery": "N/A",
    "shipping": "N/A"
  },
  {
    "ioId": "5Q718C3FD3TX",
    "linkIdentifier": "970581234",
    "text": "Hanes Men's Black/Grey Boxer Briefs, 3 Pack",
    "href": "/ip/Hanes-Men-s-Black-Grey-Boxer-Briefs-3-Pack/970581234?classType=VARIANT&athbdg=L1600&selectedSellerId=0",
    "currentPrice": "current price Now $10.98",
    "pricePerOz": "$12.98",
    "pickup": "Pickup today",
    "delivery": "Delivery today",
    "shipping": "Shipping, arrives tomorrow"
  },
  {
    "ioId": "2Y6AHXAQYA3K",
    "linkIdentifier": "37430774",
    "text": "Glade Automatic Spray Refill, Air Freshener, Comforting Cashmere Woods, 6.2 oz, 2 Count",
    "href": "/ip/Glade-Automatic-Spray-Refill-Air-Freshener-Comforting-Cashmere-Woods-2-Refills-2-x-6-2-oz/37430774?classType=VARIANT&selectedSellerId=0",
    "currentPrice": "current price $9.98",
    "pricePerOz": "80.5 ¢/oz",
    "pickup": "Pickup at a nearby store",
    "delivery": "Shipping, arrives tomorrow",
    "shipping": "N/A"
  },
  {
    "ioId": "60NBTQ60FV5V",
    "linkIdentifier": "43933374",
    "text": "Nature's Bounty Optimal Solutions Advanced Hair, Skin and Nail Biotin & Vitamins A, C, & E, Women's Multivitamin, Softgels, 120 Ct",
    "href": "/ip/Nature-s-Bounty-r-Optimal-Solutions-r-Extra-Strength-Hair-Skin-Nails-Multivitamin-Supplement-Softgels-120-count/43933374?classType=REGULAR&selectedSellerId=0",
    "currentPrice": "current price $10.46",
    "pricePerOz": "11.6 ¢/ea",
    "pickup": "Pickup today",
    "delivery": "Delivery today",
    "shipping": "Shipping, arrives tomorrow"
  },
  {
    "ioId": "2T9ETNBU6IXO",
    "linkIdentifier": "2030385394",
    "text": "Zak Designs 16oz Bluey Kids Straw Water Bottle, Durable Plastic Park Bottle with Easy-Open Locking Spout Cover for Travel, Built in Carry Handle, BBC",
    "href": "/ip/Bluey-Antimicrobial-16oz-Park-Straw-Bottle/2030385394?classType=VARIANT&athbdg=L1600&selectedSellerId=0",
    "currentPrice": "current price $4.98",
    "pricePerOz": "N/A",
    "pickup": "Pickup today",
    "delivery": "Delivery today",
    "shipping": "Shipping, arrives tomorrow"
  },
  {
    "ioId": "1O8TWBT6MYP5",
    "linkIdentifier": "14551419",
    "text": "Revlon 1875W Compact Hair Dryer, Black",
    "href": "/ip/Revlon-1875W-Compact-Hair-Dryer-Black/14551419?classType=VARIANT&athbdg=L1300&selectedSellerId=0",
    "currentPrice": "current price Now $10.97",
    "pricePerOz": "$19.99",
    "pickup": "Pickup today",
    "delivery": "Delivery today",
    "shipping": "Shipping, arrives tomorrow"
  },
  {
    "ioId": "74YL5O5OTTWO",
    "linkIdentifier": "175244800",
    "text": "ONN. 14FT CAT6 Networking Cable",
    "href": "/ip/ONN-14FT-CAT6-Networking-Cable/175244800?classType=VARIANT&selectedSellerId=0",
    "currentPrice": "current price $6.78",
    "pricePerOz": "N/A",
    "pickup": "Pickup today",
    "delivery": "Delivery today",
    "shipping": "Shipping, arrives tomorrow"
  },
  {
    "ioId": "18CG4GKGGMO1",
    "linkIdentifier": "55283658",
    "text": "Mainstays 17\" x 36\" Cushioned Foam Bathtub Mat with Suction Cups, Taupe",
    "href": "/ip/Mainstays-17-x-36-Cushioned-Foam-Bathtub-Mat-with-Suction-Cups-Taupe/55283658?classType=VARIANT&selectedSellerId=0",
    "currentPrice": "current price $9.96",
    "pricePerOz": "N/A",
    "pickup": "Pickup today",
    "delivery": "Delivery today",
    "shipping": "Shipping, arrives tomorrow"
  },
  {
    "ioId": "3W0ZAKPY573G",
    "linkIdentifier": "1207892045",
    "text": "Expert Gardener Potting Mix for Potted Plants, 8 qt.",
    "href": "/ip/Expert-Gardener-Potting-Mix-for-Potted-Plants-8-qt/1207892045?classType=VARIANT&selectedSellerId=0",
    "currentPrice": "current price $4.97",
    "pricePerOz": "$16.03/cu ft",
    "pickup": "Pickup today",
    "delivery": "Delivery today",
    "shipping": "Shipping, arrives tomorrow"
  },
  {
    "ioId": "2UZPUIIGP4C0",
    "linkIdentifier": "870618523",
    "text": "Avia Women's Performance Cushioned Low Cut Socks, 10-Pack",
    "href": "/ip/Avia-Women-s-Performance-Cushioned-Low-Cut-Socks-10-Pack/870618523?classType=VARIANT&selectedSellerId=0",
    "currentPrice": "current price $9.97",
    "pricePerOz": "99.7 ¢/ea",
    "pickup": "Pickup today",
    "delivery": "Delivery today",
    "shipping": "Shipping, arrives tomorrow"
  },
  {
    "ioId": "6TN4D9QG6HR9",
    "linkIdentifier": "930693094",
    "text": "Athletic Works Women's and Women's Plus Dri More Core Athleisure Bootcut Yoga Pants, Regular and Petite",
    "href": "/ip/Athletic-Works-Women-s-and-Women-s-Plus-Dri-More-Core-Athleisure-Bootcut-Yoga-Pants-32-Inseam-for-Regular-and-Petite/930693094?classType=VARIANT&selectedSellerId=0",
    "currentPrice": "current price $9.98",
    "pricePerOz": "N/A",
    "pickup": "Shipping, arrives in 3+ days",
    "delivery": "N/A",
    "shipping": "N/A"
  },
  {
    "ioId": "6N7GFQ42M87D",
    "linkIdentifier": "870945481",
    "text": "AND1 Men's Cushion Quarter Socks, 12 Pack",
    "href": "/ip/AND1-Men-s-Cushion-Quarter-Socks-12-Pack/870945481?classType=VARIANT&selectedSellerId=0",
    "currentPrice": "current price $12.48",
    "pricePerOz": "$1.04/ea",
    "pickup": "Pickup today",
    "delivery": "Delivery today",
    "shipping": "Shipping, arrives tomorrow"
  },
  {
    "ioId": "4MKAMEBVRGWP",
    "linkIdentifier": "1666039730",
    "text": "e.l.f. Halo Glow Liquid Filter, 4 Medium, 1.06 fl oz",
    "href": "/ip/e-l-f-Halo-Glow-Liquid-Filter-4-Medium-1-06-fl-oz/1666039730?classType=VARIANT&selectedSellerId=8404",
    "currentPrice": "current price Now $11.99",
    "pricePerOz": "$14.00",
    "pickup": "Free shipping, arrives in 3+ days",
    "delivery": "N/A",
    "shipping": "N/A"
  },
  {
    "ioId": "732S6I29L3MO",
    "linkIdentifier": "984558654",
    "text": "Wrangler Workwear Men's Short Sleeve Pocket T-Shirt, Size S-3XLT (Men's, Big Men's, Tall Men's)",
    "href": "/ip/Wrangler-Workwear-Men-s-Short-Sleeve-Pocket-T-Shirt-Size-S-3XLT-Men-s-Big-Men-s-Tall-Men-s/984558654?classType=VARIANT&selectedSellerId=0",
    "currentPrice": "current price $10.98",
    "pricePerOz": "N/A",
    "pickup": "Pickup today",
    "delivery": "Delivery today",
    "shipping": "Shipping, arrives tomorrow"
  },
  {
    "ioId": "4C2CXRP3WOVN",
    "linkIdentifier": "229564220",
    "text": "Avia Women’s High Waist Ankle Leggings with Side Pockets, Sizes XS-XXL",
    "href": "/ip/Avia-Women-s-High-Waist-Ankle-Leggings-with-Side-Pockets-28-Inseam-Sizes-XS-XXL/229564220?classType=VARIANT&selectedSellerId=0",
    "currentPrice": "current price $14.98",
    "pricePerOz": "N/A",
    "pickup": "Pickup today",
    "delivery": "Delivery today",
    "shipping": "Shipping, arrives tomorrow"
  },
  {
    "ioId": "2M48C5OYJH3T",
    "linkIdentifier": "5121230237",
    "text": "Mainstays 3/4\" Twist Cage Single Curtain Rod, 30 - 84\", Medium Bronze",
    "href": "/ip/Mainstays-3-4-Twist-Cage-Single-Curtain-Rod-30-84-Medium-Bronze/5121230237?classType=VARIANT&selectedSellerId=0",
    "currentPrice": "current price $12.88",
    "pricePerOz": "N/A",
    "pickup": "Pickup today",
    "delivery": "Delivery today",
    "shipping": "Shipping, arrives tomorrow"
  },
  {
    "ioId": "78QT54QOO1MP",
    "linkIdentifier": "1728450866",
    "text": "Vanity Fair Radiant Collection Women's 2-Ply Back Smoothing Underwire Bra, Style 3476571",
    "href": "/ip/Vanity-Fair-Radiant-Collection-Women-s-2-Ply-Back-Smoothing-Underwire-Bra-Style-3476571/1728450866?classType=VARIANT&selectedSellerId=0",
    "currentPrice": "current price $16.94",
    "pricePerOz": "N/A",
    "pickup": "Shipping, arrives tomorrow",
    "delivery": "N/A",
    "shipping": "N/A"
  },
  {
    "ioId": "2KA57WGJ6CP4",
    "linkIdentifier": "386598119",
    "text": "Athletic Works Women’s Stretch Cotton Blend Jogger Pants with Pockets",
    "href": "/ip/Athletic-Works-Women-s-Stretch-Cotton-Blend-Jogger-Pants-with-Pockets/386598119?classType=VARIANT&selectedSellerId=0",
    "currentPrice": "current price $14.98",
    "pricePerOz": "N/A",
    "pickup": "Pickup today",
    "delivery": "Delivery today",
    "shipping": "Shipping, arrives tomorrow"
  },
  {
    "ioId": "41N1U1OH4OTG",
    "linkIdentifier": "609527811",
    "text": "Irish Spring Bar Soap for Men, All Skin Types, Original Clean, 3.7 Ounce, 4 Bar Pack",
    "href": "/ip/Irish-Spring-Bar-Soap-for-Men-Original-Clean-Mens-Bar-Soap-4-Pack-3-7-Oz-Soap-Bars/609527811?classType=VARIANT&selectedSellerId=0",
    "currentPrice": "current price $4.17",
    "pricePerOz": "28.2 ¢/oz",
    "pickup": "Pickup today",
    "delivery": "Delivery today",
    "shipping": "N/A"
  },
  {
    "ioId": "7HX2GCGFMJ52",
    "linkIdentifier": "289660293",
    "text": "Ol'Roy Bark'n Bac'n Dog Treats with Real Bacon Chews, 25 oz Pouch",
    "href": "/ip/Ol-Roy-Bark-n-Bac-n-Dog-Treats-Original-25-oz/289660293?classType=VARIANT&selectedSellerId=0",
    "currentPrice": "current price $5.83",
    "pricePerOz": "23.3 ¢/oz",
    "pickup": "Pickup today",
    "delivery": "Delivery today",
    "shipping": "Shipping, arrives tomorrow"
  },
  {
    "ioId": "35I0K2LLZSN9",
    "linkIdentifier": "14894098",
    "text": "Mrs. Meyers Liquid Hand Soap, Lavender, 12.5 Fluid Ounces",
    "href": "/ip/Mrs-Meyer-s-Liquid-Hand-Soap-Lavender-12-5-Fluid-Ounces/14894098?classType=VARIANT&selectedSellerId=0",
    "currentPrice": "current price $5.12",
    "pricePerOz": "41.0 ¢/fl oz",
    "pickup": "Pickup today",
    "delivery": "Delivery today",
    "shipping": "Shipping, arrives tomorrow"
  },
  {
    "ioId": "7KTIIH7KV7VL",
    "linkIdentifier": "872384214",
    "text": "Suave Essentials Gentle Body Wash, Sweet Pea & Violet, 18 oz",
    "href": "/ip/Suave-Naturals-Body-Wash-Sweet-Pea-and-Violet-18-Oz/872384214?classType=REGULAR&selectedSellerId=0",
    "currentPrice": "current price $3.12",
    "pricePerOz": "17.3 ¢/fl oz",
    "pickup": "Pickup today",
    "delivery": "Delivery today",
    "shipping": "N/A"
  },
  {
    "ioId": "6WR6ZK3147LV",
    "linkIdentifier": "21108359",
    "text": "S.O.S Steel Wool Dish Scrubber Pads, 10 Pack",
    "href": "/ip/S-O-S-Steel-Wool-Dish-Scrubber-Pads-10-Pack/21108359?classType=VARIANT&selectedSellerId=102645120",
    "currentPrice": "current price $6.47",
    "pricePerOz": "64.7 ¢/count",
    "pickup": "Free shipping, arrives in 3+ days",
    "delivery": "N/A",
    "shipping": "N/A"
  },
  {
    "ioId": "1TGNW48QLIPI",
    "linkIdentifier": "55177856",
    "text": "Pup-Peroni Filet Mignon & Bacon Flavors Dog Snacks, 5.6-Ounce",
    "href": "/ip/Pup-Peroni-Filet-Mignon-Bacon-Flavors-Dog-Snacks-5-6-Ounce-Bag/55177856?classType=VARIANT&selectedSellerId=0",
    "currentPrice": "current price $3.48",
    "pricePerOz": "62.1 ¢/oz",
    "pickup": "Pickup today",
    "delivery": "Delivery today",
    "shipping": "N/A"
  },
  {
    "ioId": "2PZ4N495YR5K",
    "linkIdentifier": "169968433",
    "text": "Febreze Air Freshener Spray, Odor-Fighting Room Spray, Heavy Duty Crisp Clean, 8.8oz",
    "href": "/ip/Febreze-Air-Spray/169968433?classType=REGULAR&selectedSellerId=0",
    "currentPrice": "current price $3.97",
    "pricePerOz": "45.1 ¢/oz",
    "pickup": "Pickup today",
    "delivery": "Delivery today",
    "shipping": "N/A"
  },
  {
    "ioId": "4K7YYDWMC2QU",
    "linkIdentifier": "23888965",
    "text": "Freshpet Dog Joy Turkey Bacon Recipe Fresh Dog Treats Soft Bite Sized Treats in a 3oz Bag",
    "href": "/ip/Freshpet-Dog-Joy-Turkey-Bacon-for-Dogs-3-oz/23888965?classType=REGULAR&selectedSellerId=0",
    "currentPrice": "current price $5.86",
    "pricePerOz": "$1.95/oz",
    "pickup": "Pickup today",
    "delivery": "Delivery today",
    "shipping": "N/A"
  },
  {
    "ioId": "5J63MD8GYGYV",
    "linkIdentifier": "12167103",
    "text": "Degree Antiperspirant Deodorant for Men Extreme Blast, Twin Pack, 2.7 oz",
    "href": "/ip/Degree-Long-Lasting-Men-s-Antiperspirant-Deodorant-Stick-Twin-Pack-Extreme-Blast-2-7-oz/12167103?classType=VARIANT&selectedSellerId=0",
    "currentPrice": "current price $6.27",
    "pricePerOz": "$1.16/oz",
    "pickup": "Pickup today",
    "delivery": "Delivery today",
    "shipping": "N/A"
  },
  {
    "ioId": "25UA54JH0458",
    "linkIdentifier": "19717192",
    "text": "Milk-Bone GravyBones Dog Biscuits, Small Dog Treats, 19 oz.",
    "href": "/ip/Milk-Bone-GravyBones-Small-Dog-Biscuits-19-oz-Dogs/19717192?classType=REGULAR&selectedSellerId=102676778",
    "currentPrice": "current price $4.79",
    "pricePerOz": "25.2 ¢/oz",
    "pickup": "Shipping, arrives in 3+ days",
    "delivery": "N/A",
    "shipping": "N/A"
  },
  {
    "ioId": "58DFT357SSF7",
    "linkIdentifier": "20576262",
    "text": "Oral-B Complete Satin Ribbon Mint Dental Floss, 50m, 2 Pack",
    "href": "/ip/Oral-B-Complete-Satin-Mint-Floss-2-count/20576262?classType=REGULAR&selectedSellerId=0",
    "currentPrice": "current price $5.22",
    "pricePerOz": "4.8 ¢/yd",
    "pickup": "Pickup today",
    "delivery": "Delivery today",
    "shipping": "Shipping, arrives tomorrow"
  },
  {
    "ioId": "2MCYO7JVJ9Z3",
    "linkIdentifier": "607375688",
    "text": "Pledge Expert Care Wood Oil Furniture Polish, Nourishes, Protects, and Revitalizes Furniture, 9.7 oz",
    "href": "/ip/Pledge-Expert-Care-Wood-Oil-Furniture-Polish-Nourishes-Protects-and-Revitalizes-Furniture-9-7-oz/607375688?classType=VARIANT&selectedSellerId=0",
    "currentPrice": "current price $5.38",
    "pricePerOz": "N/A",
    "pickup": "Pickup today",
    "delivery": "Delivery today",
    "shipping": "Shipping, arrives tomorrow"
  },
  {
    "ioId": "1BCC35SLR2KH",
    "linkIdentifier": "551102297",
    "text": "Summer's Eve Blissful Escape Daily Refreshing Feminine Spray, 2 oz",
    "href": "/ip/Summer-s-Eve-Blissful-Escape-Daily-Refreshing-Feminine-Spray-2-oz/551102297?classType=REGULAR&selectedSellerId=0",
    "currentPrice": "current price $3.13",
    "pricePerOz": "$1.57/oz",
    "pickup": "Pickup today",
    "delivery": "Delivery today",
    "shipping": "N/A"
  },
  {
    "ioId": "2R8DP2S6CXAS",
    "linkIdentifier": "10311907",
    "text": "Secret Invisible Solid Antiperspirant Deodorant, Shower Fresh, 2.6 oz",
    "href": "/ip/Secret-Invisible-Solid-Antiperspirant-Deodorant-Shower-Fresh-2-6-oz/10311907?classType=REGULAR&selectedSellerId=0",
    "currentPrice": "current price $3.97",
    "pricePerOz": "$1.53/oz",
    "pickup": "Pickup today",
    "delivery": "Delivery today",
    "shipping": "Shipping, arrives tomorrow"
  },
  {
    "ioId": "13C39QKQ4LGA",
    "linkIdentifier": "12443238",
    "text": "Fabuloso Multi Surface All Purpose Floor Cleaner, Passion of Fruits Scent, 56 fl oz",
    "href": "/ip/Fabuloso-Multipurpose-Cleaner-Passion-Of-Fruits-56-oz/12443238?classType=REGULAR&selectedSellerId=101515153",
    "currentPrice": "current price Now $6.56",
    "pricePerOz": "$34.00",
    "pickup": "Shipping, arrives in 3+ days",
    "delivery": "N/A",
    "shipping": "N/A"
  },
  {
    "ioId": "27GV3XRPKC46",
    "linkIdentifier": "33400944",
    "text": "Buddy Biscuits Crunchy Dog Treats, Peanut Butter, 16 oz. Box",
    "href": "/ip/Buddy-Biscuits-Crunchy-Dog-Treats-Peanut-Butter-16-oz-Box/33400944?classType=REGULAR&selectedSellerId=101508973",
    "currentPrice": "current price $10.30",
    "pricePerOz": "64.4 ¢/oz",
    "pickup": "Free shipping, arrives in 3+ days",
    "delivery": "N/A",
    "shipping": "N/A"
  },
  {
    "ioId": "4QWD1H5HTL8X",
    "linkIdentifier": "790312929",
    "text": "Osteo Bi-Flex Triple Strength Joint Health Dietary Supplements, Glucosamine Chondroitin MSM, and Vitamin C Tablets, 160 Count",
    "href": "/ip/Osteo-Bi-Flex-Triple-Strength-Joint-Health-Supplements-Glucosamine-Chondroitin-Tablets-160-Count/790312929?classType=REGULAR&athbdg=L1600&selectedSellerId=0",
    "currentPrice": "current price $31.48",
    "pricePerOz": "19.7 ¢/count",
    "pickup": "Pickup today",
    "delivery": "Delivery today",
    "shipping": "Shipping, arrives tomorrow"
  },
  {
    "ioId": "573FGWPOQGYE",
    "linkIdentifier": "581018459",
    "text": "Mainstays Farmhouse Oversized Floral Teal Indoor Accent Rug, 2'6\"x3'10\"",
    "href": "/ip/Mainstays-Farmhouse-Oversized-Floral-Teal-Indoor-Accent-Rug-2-6-x3-10/581018459?classType=VARIANT&athbdg=L1600&selectedSellerId=0",
    "currentPrice": "current price $19.97",
    "pricePerOz": "N/A",
    "pickup": "Shipping, arrives in 3+ days",
    "delivery": "N/A",
    "shipping": "N/A"
  },
  {
    "ioId": "61K6CCTUAWIU",
    "linkIdentifier": "2896359985",
    "text": "Levi Strauss Signature Women's and Women's Plus Mid Rise Straight Jeans, Available in Short, Regular and Long Inseams, Sizes 2-28",
    "href": "/ip/Signature-by-Levi-Strauss-Co-Women-s-and-Women-s-Plus-Size-Mid-Rise-Modern-Straight-Jeans-Sizes-2-28/2896359985?classType=VARIANT&selectedSellerId=0",
    "currentPrice": "current price $24.98",
    "pricePerOz": "N/A",
    "pickup": "Pickup today",
    "delivery": "Delivery today",
    "shipping": "Shipping, arrives tomorrow"
  },
  {
    "ioId": "1HOEYE7RG0NY",
    "linkIdentifier": "128876038",
    "text": "Brita Elite Water Filter Replacement, Reduces Lead - 2 Count",
    "href": "/ip/Brita-Elite-Replacement-Water-Filter-for-Pitchers-and-Dispensers-2-Pack/128876038?classType=REGULAR&athbdg=L1600&selectedSellerId=0",
    "currentPrice": "current price $34.88",
    "pricePerOz": "$17.44/ea",
    "pickup": "Pickup at a nearby store",
    "delivery": "Shipping, arrives tomorrow",
    "shipping": "N/A"
  },
  {
    "ioId": "7HE2CJG08VUX",
    "linkIdentifier": "10730251",
    "text": "Imusa 3Pieces Colombian Cast Aluminum Caldero or Dutch Oven Set with Lid",
    "href": "/ip/Imusa-3Pieces-Colombian-Cast-Aluminum-Caldero-or-Dutch-Oven-Set-with-Lid/10730251?classType=REGULAR&athbdg=L1600&selectedSellerId=0",
    "currentPrice": "current price $29.97",
    "pricePerOz": "N/A",
    "pickup": "Pickup today",
    "delivery": "Delivery today",
    "shipping": "Shipping, arrives tomorrow"
  },
  {
    "ioId": "3WVMK6LXQQ6X",
    "linkIdentifier": "24471378",
    "text": "FRONTLINE® Plus For Dogs Flea & Tick Small Breed Dog Spot Treatment, 5 - 22 lbs, 3ct",
    "href": "/ip/FRONTLINE-Plus-for-Dogs-Flea-and-Tick-Treatment-Small-Dog-5-22-lbs-Orange-Box-3-CT/24471378?classType=VARIANT&athbdg=L1600&selectedSellerId=0",
    "currentPrice": "current price $43.12",
    "pricePerOz": "$14.37/count",
    "pickup": "Free pickup today",
    "delivery": "Delivery today",
    "shipping": "Free shipping, arrives tomorrow"
  },
  {
    "ioId": "4JUZI9DZ000X",
    "linkIdentifier": "763411722",
    "text": "Beautiful 6 Quart Enamel Dutch Oven, Sage Green by Drew Barrymore",
    "href": "/ip/Beautiful-6-Quart-Enamel-Dutch-Oven-Sage-Green-by-Drew-Barrymore/763411722?classType=VARIANT&athbdg=L1600&selectedSellerId=0",
    "currentPrice": "current price $59.00",
    "pricePerOz": "N/A",
    "pickup": "Free shipping, arrives tomorrow",
    "delivery": "N/A",
    "shipping": "N/A"
  },
  {
    "ioId": "5PM20YWFQW5H",
    "linkIdentifier": "41465849",
    "text": "Clorox Pool&Spa XtraBlue+ 3\" Chlorinating Tablets for Swimming Pools, 5lb",
    "href": "/ip/Clorox-Pool-and-Spa-Xtra-Blue-3-Long-Lasting-Chlorinating-Tablets-5-lbs/41465849?classType=VARIANT&athbdg=L1600&selectedSellerId=0",
    "currentPrice": "current price $44.74",
    "pricePerOz": "55.9 ¢/oz",
    "pickup": "Free pickup today",
    "delivery": "Free shipping, arrives tomorrow",
    "shipping": "N/A"
  },
  {
    "ioId": "2JII7DC1JK9F",
    "linkIdentifier": "101504327",
    "text": "Skechers Men's Melson Volgo Slip-on Casual Shoe (Wide Width Available)",
    "href": "/ip/Skechers-Men-s-Melson-Volgo-Slip-on-Casual-Shoe-Wide-Width-Available/101504327?classType=VARIANT&selectedSellerId=0",
    "currentPrice": "current price Now $39.99",
    "pricePerOz": "$54.99",
    "pickup": "Free shipping, arrives tomorrow",
    "delivery": "N/A",
    "shipping": "N/A"
  },
  {
    "ioId": "0YSV2U5X9BM2",
    "linkIdentifier": "43419577",
    "text": "Advantage II Vet-Recommended Flea Prevention for Large Cats 9 lbs+, 2-Monthly Treatments",
    "href": "/ip/Advantage-II-Vet-Recommended-Flea-Prevention-for-Large-Cats-9-lbs-2-Monthly-Treatments/43419577?classType=VARIANT&athbdg=L1600&selectedSellerId=0",
    "currentPrice": "current price $33.58",
    "pricePerOz": "$16.79/count",
    "pickup": "Pickup today",
    "delivery": "Shipping, arrives tomorrow",
    "shipping": "N/A"
  },
  {
    "ioId": "3ZA2H2ARK56G",
    "linkIdentifier": "214311136",
    "text": "Super Mario Bros U: Deluxe, Nintendo Switch, [Physical Edition]",
    "href": "/ip/Super-Mario-Bros-U-Deluxe-Nintendo-Switch-Physical-Edition/214311136?classType=VARIANT&selectedSellerId=0",
    "currentPrice": "current price Now $39.88",
    "pricePerOz": "$59.99",
    "pickup": "Free pickup today",
    "delivery": "Delivery today",
    "shipping": "Free shipping, arrives tomorrow"
  },
  {
    "ioId": "4LH8KQLNWDQQ",
    "linkIdentifier": "318995418",
    "text": "Mainstays 5 Shelf Adjustable Shelf Bookcase, Oak",
    "href": "/ip/Mainstays-5-Shelf-Adjustable-Shelf-Bookcase-Oak/318995418?classType=VARIANT&selectedSellerId=0",
    "currentPrice": "current price $46.88",
    "pricePerOz": "N/A",
    "pickup": "Free shipping, arrives tomorrow",
    "delivery": "N/A",
    "shipping": "N/A"
  },
  {
    "ioId": "2GHBE1QGJ5I2",
    "linkIdentifier": "544504123",
    "text": "Skechers Women's Performance GoRun Consistant Athletic Sneaker, Wide Width Available",
    "href": "/ip/Skechers-Women-s-Performance-GoRun-Consistant-Athletic-Sneaker-Wide-Width-Available/544504123?classType=VARIANT&selectedSellerId=0",
    "currentPrice": "current price $44.98",
    "pricePerOz": "N/A",
    "pickup": "Free shipping, arrives tomorrow",
    "delivery": "N/A",
    "shipping": "N/A"
  },
  {
    "ioId": "5OQ6T5A066UC",
    "linkIdentifier": "256150882",
    "text": "HTH Pool Care 3\" Chlorine Tablet Advanced for Swimming Pools, 8oz Single Tablet",
    "href": "/ip/HTH-Pool-Care-3-Chlorine-Tablet-Advanced-for-Swimming-Pools-8oz-Single-Tablet/256150882?classType=VARIANT&selectedSellerId=0",
    "currentPrice": "current price $5.74",
    "pricePerOz": "$11.48/lb",
    "pickup": "Shipping, arrives tomorrow",
    "delivery": "N/A",
    "shipping": "N/A"
  },
  {
    "ioId": "3Z2M6U4EKFQB",
    "linkIdentifier": "482011613",
    "text": "Mainstays Indoor Folding Table Set of 4 in Black L19 x W15 x H26 inches. 4 Tables+1 Rack Stand.",
    "href": "/ip/Mainstays-Indoor-Folding-Table-Set-of-4-in-Black-L19-x-W15-x-H26-inches-4-Tables-1-Rack-Stand/482011613?classType=VARIANT&selectedSellerId=0",
    "currentPrice": "current price $49.97",
    "pricePerOz": "N/A",
    "pickup": "Free shipping, arrives tomorrow",
    "delivery": "N/A",
    "shipping": "N/A"
  },
  {
    "ioId": "4UP34A6I16J7",
    "linkIdentifier": "45925298",
    "text": "Graco Premium Foam Crib & Toddler Mattress, GREENGUARD Gold Certified, OEKO-TEX STANDARD 100",
    "href": "/ip/Graco-Premium-Foam-Crib-Toddler-Mattress-in-a-Box/45925298?classType=REGULAR&selectedSellerId=0",
    "currentPrice": "current price $89.99",
    "pricePerOz": "N/A",
    "pickup": "Pickup at a nearby store",
    "delivery": "Free shipping, arrives tomorrow",
    "shipping": "N/A"
  },
  {
    "ioId": "6YT5D5UG3PUS",
    "linkIdentifier": "466682190",
    "text": "Levoit Core Mini Air Purifier with Aroma for Bedroom & Office (178 Sq. ft), Gray.",
    "href": "/ip/Levoit-True-HEPA-Air-Purifier-Core-Mini-Gray-Save-Energy/466682190?classType=VARIANT&selectedSellerId=0",
    "currentPrice": "current price $49.88",
    "pricePerOz": "N/A",
    "pickup": "Free pickup today",
    "delivery": "Delivery today",
    "shipping": "Free shipping, arrives tomorrow"
  },
  {
    "ioId": "64KD3SP7TMH3",
    "linkIdentifier": "575897870",
    "text": "GTRACING Gaming Chair Office Chair PU Leather with Footrest & Adjustable Headrest for Adults and Kids, Red",
    "href": "/ip/GTRACING-Gaming-Chair-Office-Chair-PU-Leather-with-Footrest-Adjustable-Headrest-Red/575897870?classType=VARIANT&athbdg=L1900&selectedSellerId=101065782",
    "currentPrice": "current price Now $105.99",
    "pricePerOz": "$249.99",
    "pickup": "Free shipping, arrives in 3+ days",
    "delivery": "N/A",
    "shipping": "N/A"
  },
  {
    "ioId": "5OYYAGQ5XP1F",
    "linkIdentifier": "951044058",
    "text": "Willow Nailhead Trim Upholstered Queen Bed, Charcoal Fabric",
    "href": "/ip/Willow-Nailhead-Trim-Upholstered-Queen-Bed-Charcoal-Fabric/951044058?classType=VARIANT&athbdg=L1400&selectedSellerId=0",
    "currentPrice": "current price Now $88.94",
    "pricePerOz": "$98.94",
    "pickup": "Free shipping, arrives tomorrow",
    "delivery": "N/A",
    "shipping": "N/A"
  },
  {
    "ioId": "3F32257YGPJ6",
    "linkIdentifier": "2977681064",
    "text": "Allswell Ultra Plush Pillow Top Mattress Topper, Queen",
    "href": "/ip/Allswell-Ultra-Plush-Pillow-Top-Mattress-Topper-Queen/2977681064?classType=VARIANT&selectedSellerId=0",
    "currentPrice": "current price $58.00",
    "pricePerOz": "N/A",
    "pickup": "Pickup at a nearby store",
    "delivery": "Free shipping, arrives tomorrow",
    "shipping": "N/A"
  },
  {
    "ioId": "4I125TN65IWZ",
    "linkIdentifier": "267765967",
    "text": "HART 6 Gallon 5 Peak HP Stainless Steel Wet/Dry Vacuum, VOC608S 3702",
    "href": "/ip/HART-6-Gallon-5-Peak-HP-Stainless-Steel-Wet-Dry-Vacuum-VOC608S-3702/267765967?classType=REGULAR&selectedSellerId=0",
    "currentPrice": "current price $65.00",
    "pricePerOz": "N/A",
    "pickup": "Pickup at a nearby store",
    "delivery": "Free shipping, arrives tomorrow",
    "shipping": "N/A"
  },
  {
    "ioId": "3DJ0R2EB0QB5",
    "linkIdentifier": "189104060",
    "text": "Coleman Power Steel 18 x 48 Round Metal Frame Above Ground Pool Set",
    "href": "/ip/Coleman-Power-Steel-18-x-48-Round-Metal-Frame-Above-Ground-Pool-Set/189104060?classType=REGULAR&selectedSellerId=0",
    "currentPrice": "current price Now $548.00",
    "pricePerOz": "$945.75",
    "pickup": "Free shipping, arrives in 3+ days",
    "delivery": "N/A",
    "shipping": "N/A"
  },
  {
    "ioId": "0Y7IWGXQVEO3",
    "linkIdentifier": "987132754",
    "text": "Cuisinart Airfryer Toaster Oven with Grill, Stainless",
    "href": "/ip/Cuisinart-Air-Fryer-Toaster-Oven-with-Grill-TOA-70/987132754?classType=VARIANT&selectedSellerId=0",
    "currentPrice": "current price Now $179.00",
    "pricePerOz": "$229.95",
    "pickup": "Pickup at a nearby store",
    "delivery": "Free shipping, arrives in 2 days",
    "shipping": "N/A"
  },
  {
    "ioId": "65SJPJIHFBWT",
    "linkIdentifier": "693670239",
    "text": "Pre-Owned Apple iPhone XR - Carrier Unlocked - 64 GB Black (Good)",
    "href": "/ip/Refurbished-Apple-iPhone-XR-64GB-Black-Fully-Unlocked-B-Grade-Used-Smartphone/693670239?classType=VARIANT&selectedSellerId=442",
    "currentPrice": "N/A",
    "pricePerOz": "N/A",
    "pickup": "Free shipping, arrives in 3+ days",
    "delivery": "N/A",
    "shipping": "N/A"
  },
  {
    "ioId": "34F8KZ7NLXDS",
    "linkIdentifier": "347911448",
    "text": "Cooper Evolution HT2 275/60R20 115H Passenger/Truck/SUV Tire Fits: 2016 Ram 1500 HFE, 2021-22 Ram 1500 Limited Longhorn",
    "href": "/ip/Cooper-Evolution-HT2-275-60R20-115H-All-Season-Tire/347911448?classType=REGULAR&selectedSellerId=0",
    "currentPrice": "current price $175.00",
    "pricePerOz": "N/A",
    "pickup": "Free pickup today",
    "delivery": "Free shipping, arrives in 3+ days",
    "shipping": "N/A"
  },
  {
    "ioId": "2PFD5RBUCZFM",
    "linkIdentifier": "919876334",
    "text": "Kumho LX Platinum KU27 All-Season Tire - 225/45R17 91W Fits: 2017-19 Chevrolet Cruze Diesel, 2021 Toyota Corolla S",
    "href": "/ip/Kumho-LX-Platinum-KU27-All-Season-Tire-225-45R17-91W-Fits-2017-19-Chevrolet-Cruze-Diesel-2021-Toyota-Corolla-S/919876334?classType=REGULAR&selectedSellerId=0",
    "currentPrice": "current price $82.55",
    "pricePerOz": "N/A",
    "pickup": "Free pickup in 3+ days",
    "delivery": "Free shipping, arrives in 3+ days",
    "shipping": "N/A"
  },
  {
    "ioId": "3M53W16UVFC6",
    "linkIdentifier": "324081942",
    "text": "Restored 2021 Apple iPad Wi Fi 64 GB Space Gray (9th Generation) (Refurbished)",
    "href": "/ip/Restored-2021-Apple-iPad-Wi-Fi-64-GB-Space-Gray-9th-Generation-Refurbished/324081942?classType=VARIANT&selectedSellerId=7648",
    "currentPrice": "N/A",
    "pricePerOz": "N/A",
    "pickup": "Free shipping, arrives in 3+ days",
    "delivery": "N/A",
    "shipping": "N/A"
  },
  {
    "ioId": "5RKR8XM0RYW6",
    "linkIdentifier": "388487999",
    "text": "Louisville Ladder 4' Aluminum Step Ladder, 250-lb Capacity, W-2112-04S",
    "href": "/ip/Louisville-Ladder-4-Aluminum-Step-Ladder-250-lb-Capacity-W-2112-04S/388487999?classType=REGULAR&selectedSellerId=0",
    "currentPrice": "current price $50.00",
    "pricePerOz": "N/A",
    "pickup": "Pickup at a nearby store",
    "delivery": "Free shipping, arrives tomorrow",
    "shipping": "N/A"
  },
  {
    "ioId": "6P0MJWY2KV44",
    "linkIdentifier": "513832825",
    "text": "Mainstays 5-Piece Wood & Metal Dining Room Set, Seats 4, Canyon Walnut & Black",
    "href": "/ip/Mainstays-5-Piece-Wood-Metal-Dining-Room-Set-Seats-4-Canyon-Walnut-Black/513832825?classType=VARIANT&selectedSellerId=0",
    "currentPrice": "current price $164.00",
    "pricePerOz": "N/A",
    "pickup": "Free pickup today",
    "delivery": "Delivery today",
    "shipping": "Free shipping, arrives tomorrow"
  },
  {
    "ioId": "4AI6HMH4DGNS",
    "linkIdentifier": "168188186",
    "text": "Famistar 2.5HP Folding Treadmill for Home w/ APP Control, 300lbs Capacity, Adjustable Incline, 64+3+3+1 Programs, Bluetooth Speakers, Electric Treadmill Running Machine, Knee Strap Gift, 12/21 Update",
    "href": "/ip/Famistar-Folding-Incline-Treadmill-Home-Smart-LCD-Display-265lbs-12-Programs-3-Modes-MP3-Music-Speaker-2-5HP-Electric-Foldable-Running-Machine-Knee-S/168188186?classType=VARIANT&athbdg=L1400&selectedSellerId=4946",
    "currentPrice": "current price Now $299.99",
    "pricePerOz": "$999.99",
    "pickup": "Free shipping, arrives in 3+ days",
    "delivery": "N/A",
    "shipping": "N/A"
  },
  {
    "ioId": "1D5ZDSPESAVF",
    "linkIdentifier": "766355051",
    "text": "Restored Apple iPhone 11 64GB Factory Unlocked 4G LTE Smartphone (Refurbished)",
    "href": "/ip/Restored-Apple-iPhone-11-64GB-Factory-Unlocked-4G-LTE-Smartphone-Refurbished/766355051?classType=REGULAR&selectedSellerId=101016675",
    "currentPrice": "N/A",
    "pricePerOz": "$379.00",
    "pickup": "Free shipping, arrives in 3+ days",
    "delivery": "N/A",
    "shipping": "N/A"
  },
  {
    "ioId": "665RY68QXCEG",
    "linkIdentifier": "149472697",
    "text": "Yard Max 22 in. 201cc SELECT PACE 6 Speed CVT High Wheel RWD 3-in-1 Gas Walk Behind Self Propelled Lawn Mower",
    "href": "/ip/Yard-Max-22-in-201cc-SELECT-PACE-6-Speed-CVT-High-Wheel-RWD-3-in-1-Gas-Walk-Behind-Self-Propelled-Lawn-Mower/149472697?classType=REGULAR&selectedSellerId=0",
    "currentPrice": "current price $353.49",
    "pricePerOz": "N/A",
    "pickup": "Free shipping, arrives in 3+ days",
    "delivery": "N/A",
    "shipping": "N/A"
  },
  {
    "ioId": "6I1TGZNUKPKW",
    "linkIdentifier": "901134767",
    "text": "Lacoo Swivel Rocker Recliner with Massage , Brown Fabric",
    "href": "/ip/Lacoo-Swivel-Rocker-Recliner-with-Massage-and-Heat-Brown-Fabric/901134767?classType=VARIANT&athbdg=L1300&selectedSellerId=101069439",
    "currentPrice": "current price Now $209.99",
    "pricePerOz": "$399.99",
    "pickup": "Shipping, arrives in 3+ days",
    "delivery": "N/A",
    "shipping": "N/A"
  },
  {
    "ioId": "62GWWD2XUSY0",
    "linkIdentifier": "379546424",
    "text": "Crosswind A/T All Terrain 265/70R16 112T Light Truck Tire",
    "href": "/ip/Crosswind-A-T-All-Terrain-265-70R16-112T-Light-Truck-Tire/379546424?classType=REGULAR&selectedSellerId=0",
    "currentPrice": "current price $112.94",
    "pricePerOz": "N/A",
    "pickup": "Free pickup in 3+ days",
    "delivery": "Free shipping, arrives in 3+ days",
    "shipping": "N/A"
  },
  {
    "ioId": "6YOOYMHABFNL",
    "linkIdentifier": "384959683",
    "text": "Relax-A-Lounger Reynolds Microfiber Manual Recliner, Slate Gray",
    "href": "/ip/Lifestyle-Solutions-Reynolds-Manual-Standard-Recliner-Slate-Gray-Microfiber/384959683?classType=VARIANT&selectedSellerId=0",
    "currentPrice": "current price $200.00",
    "pricePerOz": "N/A",
    "pickup": "Free shipping, arrives in 3+ days",
    "delivery": "N/A",
    "shipping": "N/A"
  },
  {
    "ioId": "0ZNM1D77M1GS",
    "linkIdentifier": "876051375",
    "text": "SAMSUNG 65\" Class LS03B The Frame QLED 4K Smart TV QN65LS03BAFXZA",
    "href": "/ip/SAMSUNG-65-Class-LS03B-The-Frame-QLED-4K-Smart-TV-QN65LS03BAFXZA/876051375?classType=REGULAR&athbdg=L1700&selectedSellerId=149",
    "currentPrice": "current price Now $1,285.00",
    "pricePerOz": "$1,997.99",
    "pickup": "Free shipping, arrives in 3+ days",
    "delivery": "N/A",
    "shipping": "N/A"
  },
  {
    "ioId": "69QYIGIE6SHV",
    "linkIdentifier": "1366538736",
    "text": "Go Prime In-Ear OTC Hearing Aid | Rechargeable, Noise & Feedback Control",
    "href": "/ip/Go-Prime-In-Ear-OTC-Hearing-Aid-Rechargeable-Noise-Feedback-Control/1366538736?classType=REGULAR&selectedSellerId=0",
    "currentPrice": "current price $299.00",
    "pricePerOz": "N/A",
    "pickup": "Free pickup today",
    "delivery": "Delivery today",
    "shipping": "Free shipping, arrives tomorrow"
  },
  {
    "ioId": "69UW1KPBOK9V",
    "linkIdentifier": "17176995",
    "text": "Roma Laundry Detergent 17.63oz",
    "href": "/ip/Roma-Laundry-Detergent-17-63oz/17176995?classType=REGULAR&selectedSellerId=0",
    "currentPrice": "current price $1.48",
    "pricePerOz": "8.4 ¢/oz",
    "pickup": "Pickup today",
    "delivery": "Shipping, arrives tomorrow",
    "shipping": "N/A"
  },
  {
    "ioId": "34MDNBTACBIO",
    "linkIdentifier": "603610144",
    "text": "Comet Cleanser Cream with Bleach 24 oz",
    "href": "/ip/Comet-Soft-All-Purpose-Cleaners-Cream-with-Bleach-24-oz/603610144?classType=VARIANT&selectedSellerId=101322568",
    "currentPrice": "current price Now $7.84",
    "pricePerOz": "$13.00",
    "pickup": "Free shipping, arrives in 3+ days",
    "delivery": "N/A",
    "shipping": "N/A"
  },
  {
    "ioId": "7968U22J654Y",
    "linkIdentifier": "1654393900",
    "text": "HART 8 Gallon 6 Peak HP Stainless Steel Wet/Dry Vacuum, VOC812SF 3701",
    "href": "/ip/HART-8-Gallon-6-Peak-HP-Stainless-Steel-Wet-Dry-Vacuum-VOC812SF-3701/1654393900?classType=REGULAR&selectedSellerId=0",
    "currentPrice": "current price $79.00",
    "pricePerOz": "N/A",
    "pickup": "Pickup at a nearby store",
    "delivery": "N/A",
    "shipping": "N/A"
  },
  {
    "ioId": "60HUZSWD7OUB",
    "linkIdentifier": "716436433",
    "text": "Germ-X Hand Sanitizer, Fresh Scent, 8oz",
    "href": "/ip/Germ-X-Original-Hand-Sanitizer-with-Pump-Bottle-of-Hand-Sanitizer-8-fl-oz/716436433?classType=VARIANT&athbdg=L1600&selectedSellerId=0",
    "currentPrice": "current price $1.97",
    "pricePerOz": "24.6 ¢/fl oz",
    "pickup": "Pickup today",
    "delivery": "Delivery today",
    "shipping": "Shipping, arrives tomorrow"
  },
  {
    "ioId": "2SI2BGH94I08",
    "linkIdentifier": "28904357",
    "text": "Sterilite 10 Qt. Spout Pail Classic Titanium",
    "href": "/ip/Sterilite-Spout-Pail-10-Quart/28904357?classType=REGULAR&athbdg=L1600&selectedSellerId=0",
    "currentPrice": "current price $2.62",
    "pricePerOz": "N/A",
    "pickup": "Pickup today",
    "delivery": "Delivery today",
    "shipping": "Shipping, arrives tomorrow"
  },
  {
    "ioId": "2898HYPPAVQ4",
    "linkIdentifier": "112050314",
    "text": "Pine Glo Antibacterial Disinfectant Cleaner, 40 Oz",
    "href": "/ip/Pine-Glo-Antibacterial-Disinfectant-Household-Cleaner-40-oz/112050314?classType=VARIANT&athbdg=L1600&selectedSellerId=0",
    "currentPrice": "current price $1.14",
    "pricePerOz": "2.9 ¢/fl oz",
    "pickup": "Pickup today",
    "delivery": "Delivery today",
    "shipping": "N/A"
  },
  {
    "ioId": "2P42QMI6K2YW",
    "linkIdentifier": "55122798",
    "text": "Hefty Slider Jumbo Storage Bags, 2.5 Gallon Size, 10 Count",
    "href": "/ip/Hefty-Slider-Jumbo-Storage-Bags-2-5-Gallon-Size-10-Count/55122798?classType=VARIANT&athbdg=L1600&selectedSellerId=0",
    "currentPrice": "current price $3.53",
    "pricePerOz": "35.3 ¢/count",
    "pickup": "Pickup today",
    "delivery": "Delivery today",
    "shipping": "N/A"
  },
  {
    "ioId": "30EIVYSU59YU",
    "linkIdentifier": "779057256",
    "text": "Purex Crystals In-Wash Fragrance and Scent Booster, Lavender Blossom, 21 Ounce",
    "href": "/ip/Purex-Crystals-In-Wash-Fragrance-and-Scent-Booster-Lavender-Blossom-21-Ounce/779057256?classType=VARIANT&athbdg=L1600&selectedSellerId=0",
    "currentPrice": "current price $4.27",
    "pricePerOz": "20.3 ¢/oz",
    "pickup": "Pickup today",
    "delivery": "Delivery today",
    "shipping": "N/A"
  },
  {
    "ioId": "6J3LFV6E1GLE",
    "linkIdentifier": "14938489",
    "text": "Anchor Hocking Glass Measuring Cup, 4 Cup",
    "href": "/ip/Anchor-Hocking-Glass-Measuring-Cup-4-Cup/14938489?classType=VARIANT&athbdg=L1600&selectedSellerId=0",
    "currentPrice": "current price Now $5.17",
    "pricePerOz": "$25.95",
    "pickup": "Pickup today",
    "delivery": "Delivery today",
    "shipping": "N/A"
  },
  {
    "ioId": "5T1YM5I6KWCH",
    "linkIdentifier": "17056991",
    "text": "Wild Berries & Cheesecake Scented Wax Melts, Better Homes & Gardens, 2.5 oz",
    "href": "/ip/Wild-Berries-Cheesecake-Scented-Wax-Melts-Better-Homes-Gardens-2-5-oz/17056991?classType=VARIANT&athbdg=L1300&selectedSellerId=0",
    "currentPrice": "current price Now $1.97",
    "pricePerOz": "$2.22",
    "pickup": "Pickup today",
    "delivery": "Delivery today",
    "shipping": "N/A"
  },
  {
    "ioId": "42LDPAEMUXBL",
    "linkIdentifier": "10764504217",
    "text": "No Boundaries Rib Cami Top, 1 or 5-Pack, Women's",
    "href": "/ip/NB-RIB-CAMI/10764504217?classType=VARIANT&athbdg=L1600&selectedSellerId=0",
    "currentPrice": "current price $2.98",
    "pricePerOz": "N/A",
    "pickup": "Pickup today",
    "delivery": "Delivery today",
    "shipping": "N/A"
  },
  {
    "ioId": "5Z44058U82JN",
    "linkIdentifier": "211142390",
    "text": "Mainstays Glazed White Stoneware 12 - Ounces Mug",
    "href": "/ip/Mainstays-Glazed-White-Stoneware-12-Ounces-Mug/211142390?classType=VARIANT&selectedSellerId=0",
    "currentPrice": "current price $1.12",
    "pricePerOz": "N/A",
    "pickup": "Pickup today",
    "delivery": "Delivery today",
    "shipping": "N/A"
  },
  {
    "ioId": "42WIMF26GI8W",
    "linkIdentifier": "49406248",
    "text": "Tena Sensitive Care Ultimate Absorbency Incontinence Pads for Women, 33 Count",
    "href": "/ip/Tena-Serenity-Ultimate-Pads-33-count/49406248?classType=VARIANT&selectedSellerId=0",
    "currentPrice": "current price $13.77",
    "pricePerOz": "$41.73/100 ct",
    "pickup": "Pickup today",
    "delivery": "Delivery today",
    "shipping": "Shipping, arrives tomorrow"
  },
  {
    "ioId": "23D9GIQL2D7N",
    "linkIdentifier": "44659169",
    "text": "Fruit of the Loom Men's EverSoft Crew Undershirts – 6-Pack, Moisture-Wicking, White & Assorted, S-3XL & Big/Tall",
    "href": "/ip/Fruit-of-the-Loom-Men-s-Crew-Undershirts-6-Pack/44659169?classType=VARIANT&selectedSellerId=0",
    "currentPrice": "current price $18.48",
    "pricePerOz": "$3.08/ea",
    "pickup": "Pickup today",
    "delivery": "Delivery today",
    "shipping": "Shipping, arrives tomorrow"
  },
  {
    "ioId": "18IGXQEMQGV5",
    "linkIdentifier": "881679725",
    "text": "George Men's Classic Dress Shirt with Long Sleeves, Sizes S-3XL",
    "href": "/ip/George-Men-s-Classic-Dress-Shirt-with-Long-Sleeves-Sizes-S-3XL/881679725?classType=VARIANT&selectedSellerId=0",
    "currentPrice": "current price $19.98",
    "pricePerOz": "N/A",
    "pickup": "Pickup today",
    "delivery": "Delivery today",
    "shipping": "Shipping, arrives tomorrow"
  },
  {
    "ioId": "6IYM3F3PIJYC",
    "linkIdentifier": "6135172421",
    "text": "Better Homes & Gardens Large Hyacinth Storage Basket with Handles",
    "href": "/ip/Better-Homes-Gardens-Large-Hyacinth-Storage-Basket-with-Handles/6135172421?classType=VARIANT&selectedSellerId=0",
    "currentPrice": "current price $16.84",
    "pricePerOz": "N/A",
    "pickup": "Pickup today",
    "delivery": "Delivery today",
    "shipping": "Shipping, arrives tomorrow"
  },
  {
    "ioId": "46O2KZ947FD2",
    "linkIdentifier": "802115980",
    "text": "Minecraft - Nintendo Switch",
    "href": "/ip/Minecraft-Nintendo-Switch/802115980?classType=REGULAR&selectedSellerId=0",
    "currentPrice": "current price $29.83",
    "pricePerOz": "84.2 ¢/ea",
    "pickup": "Pickup today",
    "delivery": "Delivery today",
    "shipping": "Shipping, arrives tomorrow"
  },
  {
    "ioId": "61Y5677TW36V",
    "linkIdentifier": "2872488071",
    "text": "Athletic Works Toddler Girl Mesh Jogger Sneakers",
    "href": "/ip/Athletic-Works-Toddler-Girl-Mesh-Jogger-Sneakers/2872488071?classType=VARIANT&selectedSellerId=0",
    "currentPrice": "current price $12.98",
    "pricePerOz": "N/A",
    "pickup": "Pickup today",
    "delivery": "Delivery today",
    "shipping": "Shipping, arrives tomorrow"
  },
  {
    "ioId": "4JIK9EHOWZJB",
    "linkIdentifier": "569497802",
    "text": "Air Wick Essential Mist Diffuser, Essential Oils Diffuser, Air Freshener, 1 Count",
    "href": "/ip/Air-Wick-Essential-Mist-Diffuser-1ct-Essential-Oils-Diffuser-Air-Freshener/569497802?classType=VARIANT&selectedSellerId=102583178",
    "currentPrice": "current price $12.48",
    "pricePerOz": "N/A",
    "pickup": "Free shipping, arrives in 3+ days",
    "delivery": "N/A",
    "shipping": "N/A"
  },
  {
    "ioId": "4TZBG0Q2FEA8",
    "linkIdentifier": "9864293",
    "text": "Safety 1st Sweet Dreams Standard Firm Baby Crib & Toddler Bed Mattress",
    "href": "/ip/Safety-1st-Sweet-Dreams-5-Crib-Toddler-Mattress-with-Waterproof-Cover-Greenguard-Gold-Certified/9864293?classType=VARIANT&athbdg=L1700&selectedSellerId=0",
    "currentPrice": "current price Now $35.00",
    "pricePerOz": "$40.00",
    "pickup": "Free shipping, arrives tomorrow",
    "delivery": "N/A",
    "shipping": "N/A"
  },
  {
    "ioId": "68GHYIVGKT6O",
    "linkIdentifier": "850535193",
    "text": "Roku Smart Home Indoor Camera SE Wi-Fi - Connected - Wired Security Surveillance Camera with Motion & Sound Detection",
    "href": "/ip/Roku-CS1000R-Smart-Home-Indoor-Camera-SE-Wired-Security-Camera-with-Motion-Sound-Detection/850535193?classType=VARIANT&athbdg=L1300&selectedSellerId=0",
    "currentPrice": "current price Now $19.88",
    "pricePerOz": "$26.88",
    "pickup": "Pickup today",
    "delivery": "Delivery today",
    "shipping": "Shipping, arrives tomorrow"
  },
  {
    "ioId": "3DSDJHI8KCQB",
    "linkIdentifier": "486674520",
    "text": "Mainstays 3 Drawer Wide Diamond Pearl Blush Plastic Storage Cart with Wheels",
    "href": "/ip/Mainstays-3-Drawer-Wide-Diamond-Pearl-Blush-Plastic-Storage-Cart-with-Wheels/486674520?classType=VARIANT&selectedSellerId=0",
    "currentPrice": "current price $26.93",
    "pricePerOz": "N/A",
    "pickup": "Pickup at a nearby store",
    "delivery": "Shipping, arrives tomorrow",
    "shipping": "N/A"
  },
  {
    "ioId": "4MFQEP3ESOFK",
    "linkIdentifier": "6021965221",
    "text": "Gildan Men's Short Sleeve Crew T-Shirt, 3-Pack, Sizes S-3XL",
    "href": "/ip/Gildan-Men-s-Short-Sleeve-Crew-T-Shirt-10-Pack-Sizes-S-3XL/6021965221?classType=VARIANT&selectedSellerId=101025713",
    "currentPrice": "current price $23.99",
    "pricePerOz": "N/A",
    "pickup": "Free shipping, arrives in 3+ days",
    "delivery": "N/A",
    "shipping": "N/A"
  },
  {
    "ioId": "5JJO003IQF54",
    "linkIdentifier": "722640292",
    "text": "Mainstays Resin Seat & Back Folding Chair, Black",
    "href": "/ip/Mainstays-Resin-Seat-Back-Folding-Chair-Black/722640292?classType=VARIANT&selectedSellerId=0",
    "currentPrice": "current price $15.88",
    "pricePerOz": "N/A",
    "pickup": "Pickup at a nearby store",
    "delivery": "Shipping, arrives tomorrow",
    "shipping": "N/A"
  },
  {
    "ioId": "7LG6KJZ5BOXS",
    "linkIdentifier": "929214114",
    "text": "Michael Kors Women's Adjustable Strap Signature Coated Canvas Crossbody Bag, Vanilla",
    "href": "/ip/Michael-Kors-Women-s-Jet-Set-Large-East-West-Crossbody-Handbag/929214114?classType=VARIANT&selectedSellerId=12782",
    "currentPrice": "current price $52.05",
    "pricePerOz": "N/A",
    "pickup": "Free shipping, arrives in 2 days",
    "delivery": "N/A",
    "shipping": "N/A"
  },
  {
    "ioId": "3OIQ4RS20A89",
    "linkIdentifier": "1115399",
    "text": "Gillette Series Soothing Shave Gel for Men with Aloe Vera, 7 oz",
    "href": "/ip/Gillette-Series-Sensitive-Skin-Shave-Gel-7-oz/1115399?classType=REGULAR&selectedSellerId=0",
    "currentPrice": "current price $3.43",
    "pricePerOz": "49.0 ¢/fl oz",
    "pickup": "Pickup today",
    "delivery": "Delivery today",
    "shipping": "N/A"
  },
  {
    "ioId": "6BQHBWFAHHJ7",
    "linkIdentifier": "10536014",
    "text": "Arrid XX Extra Extra Dry Ultra Clear Aerosol Antiperspirant Deodorant, Ultra Fresh, Twin Pack 6 oz",
    "href": "/ip/Arrid-XX-Extra-Extra-Dry-Ultra-Clear-Aerosol-Antiperspirant-Deodorant-Ultra-Fresh-Twin-Pack-6-oz/10536014?classType=REGULAR&selectedSellerId=0",
    "currentPrice": "current price $9.38",
    "pricePerOz": "78.2 ¢/oz",
    "pickup": "Pickup today",
    "delivery": "Delivery today",
    "shipping": "Shipping, arrives tomorrow"
  },
  {
    "ioId": "45XAK0F2RXVM",
    "linkIdentifier": "10849091",
    "text": "Gillette Cool Wave Clear Gel Mens Antiperspirant and Deodorant 3.8 oz",
    "href": "/ip/Gillette-Clear-Gel-Antiperspirant-Deodorant-4-oz/10849091?classType=VARIANT&selectedSellerId=0",
    "currentPrice": "current price $5.97",
    "pricePerOz": "$1.57/oz",
    "pickup": "Pickup today",
    "delivery": "Delivery today",
    "shipping": "N/A"
  },
  {
    "ioId": "5ZXYVFDHDK6D",
    "linkIdentifier": "203917692",
    "text": "Renu Contact Lens Solution, Multipurpose Formula for Soft Lenses, Two 12 fl oz Bottles + Lens Case",
    "href": "/ip/RENU-FRESH-TWIN-SKIN-CARE/203917692?classType=REGULAR&selectedSellerId=0",
    "currentPrice": "current price $14.96",
    "pricePerOz": "62.3 ¢/fl oz",
    "pickup": "Pickup today",
    "delivery": "Delivery today",
    "shipping": "Shipping, arrives tomorrow"
  },
  {
    "ioId": "1CF1C7U069KF",
    "linkIdentifier": "891754293",
    "text": "Suave Essentials Liquid Hand Soap, Bamboo & Jasmine, 13.5 fl oz",
    "href": "/ip/Suave-Essentials-Liquid-Hand-Soap-Bamboo-Jasmine-Restoring-with-Aloe-Fresh-Floral-13-5-fl-oz/891754293?classType=VARIANT&selectedSellerId=0",
    "currentPrice": "current price $1.97",
    "pricePerOz": "14.6 ¢/fl oz",
    "pickup": "Pickup today",
    "delivery": "Delivery today",
    "shipping": "N/A"
  },
  {
    "ioId": "71UHRNIZGXWM",
    "linkIdentifier": "23888911",
    "text": "Raid Ant & Roach Killer Aerosol Insecticide, Fragrance Free, 17.5oz, 2 Count",
    "href": "/ip/Raid-Ant-Roach-Killer-Aerosol-Insecticide-Fragrance-Free-17-5oz-2-Count/23888911?classType=VARIANT&selectedSellerId=0",
    "currentPrice": "current price $9.46",
    "pricePerOz": "27.0 ¢/oz",
    "pickup": "Pickup today",
    "delivery": "Delivery today",
    "shipping": "Shipping, arrives tomorrow"
  },
  {
    "ioId": "5I0CWR8TH81S",
    "linkIdentifier": "768221203",
    "text": "Air Wick Plug in Scented Oil Refill, 2 Count, Vanilla and Pink Papaya, Air Freshener, Essential Oils",
    "href": "/ip/Air-Wick-Plug-in-Scented-Oil-Refill-2-ct-Vanilla-and-Pink-Papaya-Air-Freshener-Essential-Oils/768221203?classType=REGULAR&selectedSellerId=0",
    "currentPrice": "current price $5.98",
    "pricePerOz": "$4.60/fl oz",
    "pickup": "Pickup today",
    "delivery": "Delivery today",
    "shipping": "Shipping, arrives tomorrow"
  },
  {
    "ioId": "41E0CI23KX3Q",
    "linkIdentifier": "497736522",
    "text": "Charmin Ultra Strong Toilet Paper, 9 Mega Roll",
    "href": "/ip/Charmin-Ultra-Strong-Toilet-Paper-9-Mega-Roll/497736522?classType=REGULAR&selectedSellerId=0",
    "currentPrice": "current price $11.86",
    "pricePerOz": "54.5 ¢/100 ct",
    "pickup": "Pickup today",
    "delivery": "Delivery today",
    "shipping": "Shipping, arrives tomorrow"
  },
  {
    "ioId": "7K61DGEN2JZB",
    "linkIdentifier": "30148618",
    "text": "Mrs. Meyer's Clean Day Liquid Hand Soap Refill, Lavender Scent, 33 Ounce Bottle",
    "href": "/ip/Mrs-Meyer-s-Clean-Day-Liquid-Hand-Soap-Refill-Lavender-Scent-33-Ounce-Bottle/30148618?classType=VARIANT&selectedSellerId=0",
    "currentPrice": "current price $9.00",
    "pricePerOz": "27.3 ¢/fl oz",
    "pickup": "Pickup today",
    "delivery": "Delivery today",
    "shipping": "N/A"
  },
  {
    "ioId": "49H1IB0E3C52",
    "linkIdentifier": "181611382",
    "text": "Secret Invisible Solid Antiperspirant Deodorant Stick for Women, Waterlily Scent, 2.6 oz",
    "href": "/ip/Secret-Invisible-Solid-Antiperspirant-Deodorant-Waterlily-Scent-2-6-oz/181611382?classType=REGULAR&selectedSellerId=0",
    "currentPrice": "current price $5.97",
    "pricePerOz": "$2.30/oz",
    "pickup": "Pickup today",
    "delivery": "Delivery today",
    "shipping": "N/A"
  },
  {
    "ioId": "35OQJNA867AP",
    "linkIdentifier": "10804503",
    "text": "Dove Fresh All Day Underarm Sweat & Odor Protection Antiperspirant Deodorant Twin Pack, 2.6 oz",
    "href": "/ip/Dove-Fresh-Invisible-Solid-Anti-Perspirant-Deodorant-2-ct/10804503?classType=VARIANT&selectedSellerId=0",
    "currentPrice": "current price $6.88",
    "pricePerOz": "$1.32/oz",
    "pickup": "Pickup today",
    "delivery": "Delivery today",
    "shipping": "Shipping, arrives tomorrow"
  },
  {
    "ioId": "3A0X5D68QA9I",
    "linkIdentifier": "646651044",
    "text": "Revlon Face Defuzzers, High Precision Hair Removal and Dermaplaning Blade, 2 count",
    "href": "/ip/Revlon-Face-Defuzzers-High-Precision-Hair-Removal-and-Dermaplaning-Blade-Red-and-White-2-count/646651044?classType=VARIANT&selectedSellerId=0",
    "currentPrice": "current price $5.98",
    "pricePerOz": "N/A",
    "pickup": "Pickup today",
    "delivery": "Delivery today",
    "shipping": "N/A"
  },
  {
    "ioId": "44MN4QFAF0N7",
    "linkIdentifier": "10535839",
    "text": "Aqua Velva After Shave, Classic Ice Blue Scent, 7 fl. oz.",
    "href": "/ip/Aqua-Velva-After-Shave-Classic-Ice-Blue-w-Cooling-7-fl-oz/10535839?classType=REGULAR&selectedSellerId=0",
    "currentPrice": "current price $5.23",
    "pricePerOz": "N/A",
    "pickup": "Pickup today",
    "delivery": "Delivery today",
    "shipping": "N/A"
  },
  {
    "ioId": "3VFRHYJFCFIP",
    "linkIdentifier": "15739483",
    "text": "Olay Moisture Ribbons Women's body Wash, Shea + Lavender Oil, 18 fl oz",
    "href": "/ip/Olay-2-in-1-Essential-Oils-Ribbons-Jojoba-Extract-Luscious-Orchid-Moisturizing-Body-Wash-18-Oz/15739483?classType=REGULAR&selectedSellerId=0",
    "currentPrice": "current price $6.97",
    "pricePerOz": "38.7 ¢/fl oz",
    "pickup": "Pickup today",
    "delivery": "Delivery today",
    "shipping": "N/A"
  },
  {
    "ioId": "69BQGCS9LHK7",
    "linkIdentifier": "720413338",
    "text": "Lysol, Multi-Surface Cleaner, Clean & Fresh, Value Size, Sparkling Lemon and Sunflower Essence, 90 Fl Oz",
    "href": "/ip/Lysol-Pour-Lemon-90-Oz/720413338?classType=REGULAR",
    "currentPrice": "N/A",
    "pricePerOz": "N/A",
    "pickup": "Free shipping, arrives in 3+ days",
    "delivery": "N/A",
    "shipping": "N/A"
  },
  {
    "ioId": "3C18CGHDKQ7K",
    "linkIdentifier": "393255736",
    "text": "Colgate Triple Action Toothpaste, Original Mint, 6 oz, 3 Pack",
    "href": "/ip/Colgate-Triple-Action-Toothpaste-Original-Mint-3-Pack-6-Oz-Tubes/393255736?classType=REGULAR&selectedSellerId=0",
    "currentPrice": "current price $4.97",
    "pricePerOz": "27.6 ¢/oz",
    "pickup": "Pickup today",
    "delivery": "Delivery today",
    "shipping": "N/A"
  },
  {
    "ioId": "33974B4P41K7",
    "linkIdentifier": "16940689",
    "text": "Skintimate Skin Therapy Sensitive Shave Gel for Women, Sensitive Skin Moisturizing Shaving Cream, 7 oz",
    "href": "/ip/Skintimate-Skin-Therapy-Lotionized-Sensitive-Skin-Moisturizing-Shave-Gel-7-oz/16940689?classType=VARIANT&selectedSellerId=1183",
    "currentPrice": "current price $8.65",
    "pricePerOz": "$1.24/oz",
    "pickup": "Free shipping, arrives in 3+ days",
    "delivery": "N/A",
    "shipping": "N/A"
  },
  {
    "ioId": "3M0FEPN4JKI0",
    "linkIdentifier": "876355157",
    "text": "Reynolds Kitchens Stay Flat Parchment Paper with SmartGrid, 100 square feet",
    "href": "/ip/Reynolds-Kitchens-Stay-Flat-Parchment-Paper-with-SmartGrid-100-Square-Feet/876355157?classType=VARIANT&selectedSellerId=101530327",
    "currentPrice": "current price $14.20",
    "pricePerOz": "14.2 ¢/sq ft",
    "pickup": "Free shipping, arrives in 3+ days",
    "delivery": "N/A",
    "shipping": "N/A"
  },
  {
    "ioId": "78VJIVBTK8CL",
    "linkIdentifier": "10309237",
    "text": "Wet Ones Antibacterial Hand Wipes, Fresh Scent, 40 Ct Canister, Hypoallergenic",
    "href": "/ip/Wet-Ones-Fresh-Scent-Antibacterial-Wipes-40-count/10309237?classType=VARIANT&selectedSellerId=0",
    "currentPrice": "current price $3.28",
    "pricePerOz": "$8.20/100 ct",
    "pickup": "Pickup today",
    "delivery": "Delivery today",
    "shipping": "N/A"
  },
  {
    "ioId": "3QGX6L9WM4JD",
    "linkIdentifier": "26542098",
    "text": "Woolite Carpet & Upholstery Foam Cleaner 12 oz. 8352Y",
    "href": "/ip/Bissel-Inc-8352-NEW-Woolite-Foam-Cleaner-with-Fabric-Safe-Brush-Pack-Of-4/26542098?classType=VARIANT&athbdg=L1600&selectedSellerId=0",
    "currentPrice": "current price $5.00",
    "pricePerOz": "41.7 ¢/oz",
    "pickup": "Pickup today",
    "delivery": "Delivery today",
    "shipping": "Shipping, arrives tomorrow"
  },
  {
    "ioId": "2388J5LBFO32",
    "linkIdentifier": "14862987",
    "text": "OxiClean Max Force Laundry Stain Remover Gel Stick, 6.2 fl oz",
    "href": "/ip/OxiClean-Max-Force-Laundry-Stain-Remover-Gel-Stick-6-2-fl-oz/14862987?classType=REGULAR&selectedSellerId=0",
    "currentPrice": "current price $3.92",
    "pricePerOz": "63.2 ¢/fl oz",
    "pickup": "Pickup today",
    "delivery": "Delivery today",
    "shipping": "N/A"
  },
  {
    "ioId": "2460NC9X23TF",
    "linkIdentifier": "10312143",
    "text": "Crest Pro Health Alcohol Free Mouthwash, Clean Mint, 1 L",
    "href": "/ip/Crest-Pro-Health-Alcohol-Free-Mouthwash-Clean-Mint-1-L/10312143?classType=VARIANT&athbdg=L1600&selectedSellerId=0",
    "currentPrice": "current price Now $4.97",
    "pricePerOz": "$5.99",
    "pickup": "Shipping, arrives tomorrow",
    "delivery": "N/A",
    "shipping": "N/A"
  },
  {
    "ioId": "3A19XC8ZQ2XV",
    "linkIdentifier": "205448789",
    "text": "Temptations Classic Tempting Tuna Flavor Crunchy And Soft Dry Cat Treats, 3 Oz Pouch",
    "href": "/ip/Temptations-Classic-Tempting-Tuna-Flavor-Crunchy-And-Soft-Treats-For-Cats-3-Oz-Pouch/205448789?classType=VARIANT&athbdg=L1600&selectedSellerId=0",
    "currentPrice": "current price $16.09",
    "pricePerOz": "53.6 ¢/oz",
    "pickup": "Shipping, arrives tomorrow",
    "delivery": "N/A",
    "shipping": "N/A"
  },
  {
    "ioId": "29603UYYZ460",
    "linkIdentifier": "38587663",
    "text": "Mr. Bubble Extra Gentle Bubble Bath, Dye and Fragrance Free, 36 fl oz",
    "href": "/ip/Mr-Bubble-Extra-Gentle-Bubble-Bath-Dye-and-Fragrance-Free-36-fl-oz/38587663?classType=VARIANT&athbdg=L1600&selectedSellerId=0",
    "currentPrice": "current price $4.88",
    "pricePerOz": "13.6 ¢/fl oz",
    "pickup": "Pickup today",
    "delivery": "Delivery today",
    "shipping": "N/A"
  },
  {
    "ioId": "129EQJVIXRIE",
    "linkIdentifier": "1115668",
    "text": "St. Ives Fresh Skin Exfoliating Face Scrub, Apricot Facial Exfoliator 6 oz",
    "href": "/ip/St-Ives-Swiss-Formula-Invigorating-Apricot-Scrub-6-Oz/1115668?classType=REGULAR&selectedSellerId=0",
    "currentPrice": "current price $4.97",
    "pricePerOz": "82.8 ¢/oz",
    "pickup": "Pickup today",
    "delivery": "Delivery today",
    "shipping": "N/A"
  },
  {
    "ioId": "43EZIA9UACAT",
    "linkIdentifier": "10295444",
    "text": "Jergens Ultra Healing Hand And Body Lotion Dry Skin Moisturizer, Vitamins C, E, B5, 10 Oz",
    "href": "/ip/Jergens-Ultra-Healing-Extra-Dry-Skin-Moisturizer-10-fl-oz/10295444?classType=VARIANT&athbdg=L1600&selectedSellerId=0",
    "currentPrice": "current price $4.68",
    "pricePerOz": "46.8 ¢/fl oz",
    "pickup": "Pickup today",
    "delivery": "Delivery today",
    "shipping": "N/A"
  },
  {
    "ioId": "5EL57FW9GXCN",
    "linkIdentifier": "40572772",
    "text": "ScentSationals 15 Watt Replacement Wax Warmer Clear Light Bulbs, 2 Pack",
    "href": "/ip/ScentSationals-Wax-Warmer-Clear-Incandescent-Light-Bulb-Replacement-15-Watts-2-Pack/40572772?classType=REGULAR&athbdg=L1600&selectedSellerId=0",
    "currentPrice": "current price $3.00",
    "pricePerOz": "$1.50/count",
    "pickup": "Pickup today",
    "delivery": "Shipping, arrives tomorrow",
    "shipping": "N/A"
  },
  {
    "ioId": "1463CVNV8IW0",
    "linkIdentifier": "849004188",
    "text": "Tide Simply Oxi Boost + Ultra Stain Release, Refreshing Breeze, 22 Loads, 31 fl oz",
    "href": "/ip/Tide-Simply-Oxi-Boost-Ultra-Stain-Release-Refreshing-Breeze-22-Loads-31-fl-o/849004188?classType=VARIANT&athbdg=L1600&selectedSellerId=0",
    "currentPrice": "current price $3.44",
    "pricePerOz": "11.1 ¢/fl oz",
    "pickup": "Pickup today",
    "delivery": "Delivery today",
    "shipping": "N/A"
  },
  {
    "ioId": "77040DCLZYEA",
    "linkIdentifier": "413494290",
    "text": "Garnier SkinActive Micellar Cleansing Water All in 1 Brightening with Vitamin C, 13.5 fl oz",
    "href": "/ip/Garnier-SkinActive-Micellar-Cleansing-Water-All-in-1-Brightening-with-Vitamin-C-13-5-fl-oz/413494290?classType=VARIANT&selectedSellerId=0",
    "currentPrice": "current price Now $8.97",
    "pricePerOz": "$10.49",
    "pickup": "Pickup today",
    "delivery": "Delivery today",
    "shipping": "Shipping, arrives tomorrow"
  },
  {
    "ioId": "1K23NDRUSQM7",
    "linkIdentifier": "15107756",
    "text": "Weiman Cooktop Cleaner and Polish Cream for Glass, Ceramic and Induction Surfaces -15 oz, Unscented",
    "href": "/ip/Weiman-Glass-Cook-Top-Cleaner-15-oz/15107756?classType=VARIANT&selectedSellerId=0",
    "currentPrice": "current price $5.23",
    "pricePerOz": "34.9 ¢/oz",
    "pickup": "Pickup today",
    "delivery": "Shipping, arrives tomorrow",
    "shipping": "N/A"
  },
  {
    "ioId": "5B2C2I5VRWZS",
    "linkIdentifier": "622551203",
    "text": "Degree Advanced Women's Antiperspirant Deodorant Stick Vanilla & Jasmine, 2.6 oz",
    "href": "/ip/Degree-Advanced-Women-s-Antiperspirant-Deodorant-Stick-Vanilla-Jasmine-2-6-oz/622551203?classType=REGULAR&selectedSellerId=0",
    "currentPrice": "current price $5.23",
    "pricePerOz": "$2.01/oz",
    "pickup": "Pickup today",
    "delivery": "Delivery today",
    "shipping": "N/A"
  },
  {
    "ioId": "29B0WAQ9XTHF",
    "linkIdentifier": "54410514",
    "text": "OxiClean Carpet and Rug Pet Stain and Odor Remover Spray, 24 fl oz",
    "href": "/ip/OxiClean-Carpet-Area-Rug-Pet-Stain-Odor-Remover-24-fl-oz/54410514?classType=VARIANT&selectedSellerId=101565279",
    "currentPrice": "current price $7.16",
    "pricePerOz": "29.8 ¢/fl oz",
    "pickup": "Free shipping, arrives in 3+ days",
    "delivery": "N/A",
    "shipping": "N/A"
  },
  {
    "ioId": "3QR57VXQGYGH",
    "linkIdentifier": "23591051",
    "text": "Arrid XX Extra Extra Dry Solid Antiperspirant Deodorant, Ultra Fresh, 2.6 oz",
    "href": "/ip/Arrid-XX-Extra-Extra-Dry-Solid-Antiperspirant-Deodorant-Ultra-Fresh-2-6-oz/23591051?classType=VARIANT&selectedSellerId=0",
    "currentPrice": "current price $2.28",
    "pricePerOz": "87.7 ¢/oz",
    "pickup": "Pickup today",
    "delivery": "Delivery today",
    "shipping": "Shipping, arrives tomorrow"
  },
  {
    "ioId": "2LNIBSYEIL4L",
    "linkIdentifier": "34621226",
    "text": "Miracle-Gro Cactus, Palm and Citrus Potting Mix, For Container Plants, 8 qt.",
    "href": "/ip/Miracle-Gro-Cactus-Palm-and-Citrus-Potting-Mix-8-qt-bag/34621226?classType=VARIANT&selectedSellerId=0",
    "currentPrice": "current price $5.78",
    "pricePerOz": "$18.65/cu ft",
    "pickup": "Pickup today",
    "delivery": "Delivery today",
    "shipping": "Shipping, arrives tomorrow"
  },
  {
    "ioId": "3H423AK012AH",
    "linkIdentifier": "1053626513",
    "text": "e.l.f. Power Grip Primer + 4% Niacinamide, 0.8 fl oz",
    "href": "/ip/e-l-f-Power-Grip-Primer-4-Niacinamide-0-8-fl-oz/1053626513?classType=VARIANT&selectedSellerId=0",
    "currentPrice": "current price $10.54",
    "pricePerOz": "$13.18/fl oz",
    "pickup": "Pickup today",
    "delivery": "Delivery today",
    "shipping": "Shipping, arrives tomorrow"
  },
  {
    "ioId": "2ED70GLMAR2G",
    "linkIdentifier": "1830508660",
    "text": "Suave Men 3 in 1 Mens Body Wash, Hair, Face and Body Wash, 18 oz",
    "href": "/ip/Suave-Men-3-in-1-Mens-Body-Wash-Hair-Face-and-Body-Wash-Hydrating-Citrus-Musk-18-oz/1830508660?classType=VARIANT&selectedSellerId=0",
    "currentPrice": "current price $3.12",
    "pricePerOz": "17.3 ¢/oz",
    "pickup": "Pickup today",
    "delivery": "Delivery today",
    "shipping": "N/A"
  },
  {
    "ioId": "4YYIJI435XYT",
    "linkIdentifier": "390283401",
    "text": "Command 20 Lb XL Heavyweight Picture Hangers, Damage-Free Hanging, 8 Pairs",
    "href": "/ip/Command-20-Lb-XL-Heavyweight-Picture-Hangers-Damage-Free-Hanging-8-Pairs/390283401?classType=REGULAR&selectedSellerId=0",
    "currentPrice": "current price $9.58",
    "pricePerOz": "$1.20/ea",
    "pickup": "Pickup today",
    "delivery": "Delivery today",
    "shipping": "Shipping, arrives tomorrow"
  },
  {
    "ioId": "3B37OVD70YNC",
    "linkIdentifier": "23152786",
    "text": "Color Duck Tape Brand Duct Tape, 1.88 in. x 20 yd., Aqua",
    "href": "/ip/Duck-Tape-Brand-Aqua-Duct-Tape-1-88-in-x-20-yd/23152786?classType=VARIANT&selectedSellerId=0",
    "currentPrice": "current price Now $3.94",
    "pricePerOz": "$5.50",
    "pickup": "Pickup today",
    "delivery": "Delivery today",
    "shipping": "Shipping, arrives tomorrow"
  },
  {
    "ioId": "3IVVUBLYB56X",
    "linkIdentifier": "873004131",
    "text": "Herbal Essences Hello Hydration Shampoo and Conditioner Set, 11.7 oz",
    "href": "/ip/Herbal-Essences-Hello-Hydration-Shampoo-Conditioner-Bundle-Pack-for-All-Hair-Types-23-4-fl-oz/873004131?classType=VARIANT&selectedSellerId=0",
    "currentPrice": "current price $8.97",
    "pricePerOz": "38.3 ¢/fl oz",
    "pickup": "Pickup today",
    "delivery": "Delivery today",
    "shipping": "Shipping, arrives tomorrow"
  },
  {
    "ioId": "5TW0HF4D6UFA",
    "linkIdentifier": "19887679",
    "text": "Orange Buttercream Cupcake Scented Wax Melts, Better Homes & Gardens, 2.5 oz (1-Pack)",
    "href": "/ip/Orange-Buttercream-Cupcake-Scented-Wax-Melts-Better-Homes-Gardens-2-5-oz-1-Pack/19887679?classType=VARIANT&athbdg=L1300&selectedSellerId=0",
    "currentPrice": "current price Now $1.97",
    "pricePerOz": "$2.22",
    "pickup": "Pickup today",
    "delivery": "Delivery today",
    "shipping": "N/A"
  },
  {
    "ioId": "3CTM2WOBBBYO",
    "linkIdentifier": "16935505",
    "text": "ZOTE, SOAP LAUNDRY, 14.1 OZ, (Pack of 25)",
    "href": "/ip/ZOTE-Laundry-Bar-Soap-Pink-14-1-Ounce/16935505?classType=VARIANT&selectedSellerId=0",
    "currentPrice": "current price $1.98",
    "pricePerOz": "14.0 ¢/oz",
    "pickup": "Pickup today",
    "delivery": "Delivery today",
    "shipping": "N/A"
  },
  {
    "ioId": "3YOWJU6YV3UQ",
    "linkIdentifier": "142383265",
    "text": "Taylor Stainless Steel Digital Folding Probe Meat Thermometer with Blue Backlight Display",
    "href": "/ip/Taylor-Stainless-Steel-Digital-Folding-Probe-Meat-Thermometer-with-Blue-Backlight-Display/142383265?classType=REGULAR&selectedSellerId=0",
    "currentPrice": "current price $9.28",
    "pricePerOz": "N/A",
    "pickup": "Pickup today",
    "delivery": "Delivery today",
    "shipping": "Shipping, arrives tomorrow"
  },
  {
    "ioId": "2MZQGFY743UO",
    "linkIdentifier": "828017004",
    "text": "Mielle Organics Rosemary Mint Scalp & Hair Strengthening Oil 2 oz",
    "href": "/ip/Mielle-Rosemary-Mint-Scalp-Hair-Strengthening-Oil-2-oz/828017004?classType=VARIANT&selectedSellerId=0",
    "currentPrice": "current price $9.97",
    "pricePerOz": "$4.99/fl oz",
    "pickup": "Pickup today",
    "delivery": "Delivery today",
    "shipping": "Shipping, arrives tomorrow"
  },
  {
    "ioId": "246VIDSUTWM5",
    "linkIdentifier": "700123523",
    "text": "Dial Antibacterial Bar Soap, Calm & Soothe, Lavender & Jasmine Scent, 4 oz, 8 Bars",
    "href": "/ip/Dial-Antibacterial-Bar-Soap-Calm-Soothe-Lavender-Jasmine-Scent-4-oz-8-Bars/700123523?classType=VARIANT&selectedSellerId=0",
    "currentPrice": "current price $4.98",
    "pricePerOz": "15.6 ¢/oz",
    "pickup": "Pickup today",
    "delivery": "Delivery today",
    "shipping": "N/A"
  },
  {
    "ioId": "76M4VXAB03EW",
    "linkIdentifier": "115133636",
    "text": "Blistex Medicated Lip Ointment - Advanced Moisture for Dry, Chapped Lips - 2 Count, 0.21oz Ea",
    "href": "/ip/Blistex-Medicated-Lip-Ointment-Advanced-Moisture-for-Dry-Chapped-Lips-2-Count-0-21oz-Ea/115133636?classType=REGULAR&selectedSellerId=0",
    "currentPrice": "current price $4.33",
    "pricePerOz": "$2.17/count",
    "pickup": "Pickup today",
    "delivery": "Delivery today",
    "shipping": "N/A"
  },
  {
    "ioId": "3KWJN88SEJKI",
    "linkIdentifier": "17209255",
    "text": "Red Heart® Super Saver® 4 Medium Acrylic Yarn, Cherry Red 7oz/198g, 364 Yards",
    "href": "/ip/Red-Heart-Super-Saver-Yarn/17209255?classType=VARIANT&athbdg=L1300&selectedSellerId=0",
    "currentPrice": "current price Now $3.38",
    "pricePerOz": "$4.49",
    "pickup": "Pickup today",
    "delivery": "Delivery today",
    "shipping": "N/A"
  },
  {
    "ioId": "5G160S8A2K47",
    "linkIdentifier": "404992888",
    "text": "Sally Hansen Insta Dri Nail Color, Let's Jam",
    "href": "/ip/Sally-Hansen-Insta-Dri-Nail-Color-Let-s-Jam-3-in-1-Formula-Color-Polish-0-31-Oz-Quick-Dry-Top-Coat-Nails-Full-Coverage-One-Stroke/404992888?classType=VARIANT&selectedSellerId=101002043",
    "currentPrice": "current price Now $5.95",
    "pricePerOz": "$7.99",
    "pickup": "Free shipping, arrives in 3+ days",
    "delivery": "N/A",
    "shipping": "N/A"
  },
  {
    "ioId": "5WNLP2XLV3Z5",
    "linkIdentifier": "479175484",
    "text": "Way to Celebrate! Green Plastic Party Tablecloth, 108 x 54in",
    "href": "/ip/Way-to-Celebrate-Green-Plastic-Party-Tablecloth-108-x-54in/479175484?classType=VARIANT&selectedSellerId=0",
    "currentPrice": "current price $0.97",
    "pricePerOz": "N/A",
    "pickup": "Pickup today",
    "delivery": "Delivery today",
    "shipping": "Shipping, arrives tomorrow"
  },
  {
    "ioId": "4V1K8J9Z4JK1",
    "linkIdentifier": "21143955",
    "text": "African Pride Olive Miracle Leave-in Conditioner 15 oz, Moisturizing, Damaged Hair, Unisex",
    "href": "/ip/African-Pride-Olive-Miracle-Leave-in-Conditioner-15-oz/21143955?classType=REGULAR&selectedSellerId=0",
    "currentPrice": "current price $3.97",
    "pricePerOz": "26.5 ¢/oz",
    "pickup": "Pickup today",
    "delivery": "Delivery today",
    "shipping": "N/A"
  },
  {
    "ioId": "34HA5WJ56493",
    "linkIdentifier": "323006368",
    "text": "Kids 'N' Pets - Instant All-Purpose Stain & Odor Remover 27 fl oz - Eliminates Stains & Odors",
    "href": "/ip/Kids-N-Pets-Instant-All-Purpose-Stain-Odor-Remover-27-fl-oz-Permanently-Eliminates-Tough-Stains-Odors-Including-Urine-No-Harsh-Chemicals-Non-Toxic-Ch/323006368?classType=REGULAR&selectedSellerId=0",
    "currentPrice": "current price $5.58",
    "pricePerOz": "20.7 ¢/fl oz",
    "pickup": "Pickup at a nearby store",
    "delivery": "Shipping, arrives tomorrow",
    "shipping": "N/A"
  },
  {
    "ioId": "3NI9HS85SY9X",
    "linkIdentifier": "16627614",
    "text": "KISS Strip Lash Adhesive, Lash Glue, 24hr Strip Eyelash Adhesive, Clear, 0.17 oz.",
    "href": "/ip/KISS-Strip-Lash-Adhesive-Lash-Glue-24hr-Strip-Eyelash-Adhesive-Clear-0-17-oz/16627614?classType=VARIANT&selectedSellerId=0",
    "currentPrice": "current price $3.97",
    "pricePerOz": "$23.35/oz",
    "pickup": "Pickup today",
    "delivery": "Delivery today",
    "shipping": "Shipping, arrives tomorrow"
  },
  {
    "ioId": "58F4HF1DCEKI",
    "linkIdentifier": "258144696",
    "text": "Sharpie Permanent Markers, Fine Point, Black, 12 Count",
    "href": "/ip/Sharpie-Permanent-Markers-Fine-Point-Black-12-Count/258144696?classType=VARIANT&selectedSellerId=0",
    "currentPrice": "current price $10.54",
    "pricePerOz": "N/A",
    "pickup": "Pickup today",
    "delivery": "Delivery today",
    "shipping": "Shipping, arrives tomorrow"
  },
  {
    "ioId": "2YVL700PJ0IB",
    "linkIdentifier": "10314797",
    "text": "Fruit of the Earth Aloe Vera Moisturizing Gel, Unscented 12 oz.",
    "href": "/ip/Fruit-Of-The-Earth-Aloe-Vera-Gel-12-Oz/10314797?classType=VARIANT&selectedSellerId=0",
    "currentPrice": "current price $4.48",
    "pricePerOz": "37.3 ¢/oz",
    "pickup": "Pickup today",
    "delivery": "Delivery today",
    "shipping": "N/A"
  },
  {
    "ioId": "1SH024I3YW74",
    "linkIdentifier": "16935506",
    "text": "Zote White Soap, 14.1 oz",
    "href": "/ip/Zote-White-Soap-14-1-oz/16935506?classType=VARIANT&selectedSellerId=0",
    "currentPrice": "current price $1.98",
    "pricePerOz": "14.0 ¢/oz",
    "pickup": "Pickup today",
    "delivery": "Delivery today",
    "shipping": "N/A"
  },
  {
    "ioId": "2QXIVPZP0531",
    "linkIdentifier": "639088657",
    "text": "KISS So Wispy, False Eyelashes, Pixie, 12 mm, Black, 5 Pairs",
    "href": "/ip/KISS-So-Wispy-Lash-Multipack-03-5-Pairs/639088657?classType=VARIANT&selectedSellerId=0",
    "currentPrice": "current price $9.42",
    "pricePerOz": "N/A",
    "pickup": "Pickup today",
    "delivery": "Delivery today",
    "shipping": "Shipping, arrives tomorrow"
  },
  {
    "ioId": "0YTPBWC82MYK",
    "linkIdentifier": "36330701",
    "text": "Weiman Stainless Steel Cleaner & Polish Trigger Spray, 12 fl oz",
    "href": "/ip/Weiman-BG19532-Weiman-Stnls-Stl-Cln-Trg-6x12OZ/36330701?classType=REGULAR&selectedSellerId=101563123",
    "currentPrice": "current price Now $11.00",
    "pricePerOz": "$16.00",
    "pickup": "Free shipping, arrives in 3+ days",
    "delivery": "N/A",
    "shipping": "N/A"
  },
  {
    "ioId": "3X55BJ212D9J",
    "linkIdentifier": "15716789",
    "text": "CLR Bath & Kitchen Multi-Surface Cleaner, Enhanced Formula Fresh Scent, 26 Oz",
    "href": "/ip/CLR-BATHROOM-KITCH/15716789?classType=REGULAR&selectedSellerId=102545899",
    "currentPrice": "current price Now $9.93",
    "pricePerOz": "$15.00",
    "pickup": "Free shipping, arrives in 3+ days",
    "delivery": "N/A",
    "shipping": "N/A"
  },
  {
    "ioId": "74JK0XGMSFID",
    "linkIdentifier": "629972126",
    "text": "Hefty Small Garbage Bags, Drawstring, Fabuloso Scent, 4 Gallon, 20 Count",
    "href": "/ip/Hefty-Small-Garbage-Bags-Drawstring-Fabuloso-Scent-4-Gallon-20-Count/629972126?classType=VARIANT",
    "currentPrice": "N/A",
    "pricePerOz": "N/A",
    "pickup": "Free shipping, arrives in 3+ days",
    "delivery": "N/A",
    "shipping": "N/A"
  },
  {
    "ioId": "7A47BIATT0QR",
    "linkIdentifier": "965061958",
    "text": "LEGO Classic Creative Suitcase 10713 - Includes Sorting Storage Organizer Case with Fun Colorful Building Bricks, Preschool Learning Toy for Kids to Play and Be Inspired by LEGO Masters",
    "href": "/ip/Creative-Suitcase/965061958?classType=REGULAR&athbdg=L1600&selectedSellerId=0",
    "currentPrice": "current price Now $13.79",
    "pricePerOz": "$19.99",
    "pickup": "Pickup at a nearby store",
    "delivery": "Shipping, arrives tomorrow",
    "shipping": "N/A"
  },
  {
    "ioId": "708F78HCH5PB",
    "linkIdentifier": "19726338",
    "text": "Gildan Adult Short Sleeve Crew T-Shirt for Crafting - White, Adult Sizes S - 3XL, Cotton, Classic Fit, 1-Pack Blank Tee",
    "href": "/ip/Gildan-Short-Sleeve-Crew-Tee-Shirt/19726338?classType=VARIANT&athbdg=L1600&selectedSellerId=4463",
    "currentPrice": "current price $7.71",
    "pricePerOz": "N/A",
    "pickup": "Free shipping, arrives in 3+ days",
    "delivery": "N/A",
    "shipping": "N/A"
  },
  {
    "ioId": "2L08WZX2Q76C",
    "linkIdentifier": "2787146466",
    "text": "Lysol® Clean & Fresh Multi-Surface Cleaner - Pourable Cool Adirondack Air 9/28 oz.",
    "href": "/ip/Lysol-Clean-Fresh-Multi-Surface-Cleaner-Pourable-Cool-Adirondack-Air-9-28-oz/2787146466?classType=VARIANT&athbdg=L1600&selectedSellerId=0",
    "currentPrice": "current price $3.47",
    "pricePerOz": "12.4 ¢/fl oz",
    "pickup": "Pickup today",
    "delivery": "Delivery today",
    "shipping": "Shipping, arrives tomorrow"
  },
  {
    "ioId": "3KPDQQOT3C8M",
    "linkIdentifier": "22360176",
    "text": "Hanes Women's Cool Comfort No Show Socks, Extended Size 10-Pair Value Pack",
    "href": "/ip/Hanes-Women-s-Cool-Comfort-No-Show-Socks-Extended-Size-10-Pair-Value-Pack/22360176?classType=VARIANT&athbdg=L1600&selectedSellerId=0",
    "currentPrice": "current price $10.97",
    "pricePerOz": "$1.10/ea",
    "pickup": "Pickup at a nearby store",
    "delivery": "Shipping, arrives tomorrow",
    "shipping": "N/A"
  },
  {
    "ioId": "3F206MHFSGIA",
    "linkIdentifier": "542904566",
    "text": "Athletic Works Women's Plus Size Dri More 22\" Core Capri",
    "href": "/ip/Athletic-Works-Women-s-Plus-Size-Dri-More-22-Core-Capri/542904566?classType=VARIANT&athbdg=L1600&selectedSellerId=0",
    "currentPrice": "current price Now $4.99",
    "pricePerOz": "$12.98",
    "pickup": "Shipping, arrives in 3+ days",
    "delivery": "N/A",
    "shipping": "N/A"
  },
  {
    "ioId": "1KMNI5CCF8P5",
    "linkIdentifier": "10804588",
    "text": "Vaseline Intensive Care Radiant Non Greasy Body Lotion, Cocoa, 10 fl oz",
    "href": "/ip/Vaseline-Intensive-Care-Radiant-Non-Greasy-Body-Lotion-for-Dry-Skin-Cocoa-10-fl-oz/10804588?classType=VARIANT&athbdg=L1600&selectedSellerId=0",
    "currentPrice": "current price $3.98",
    "pricePerOz": "15.6 ¢/ft",
    "pickup": "Pickup today",
    "delivery": "Delivery today",
    "shipping": "N/A"
  },
  {
    "ioId": "7CT6UFP22KN9",
    "linkIdentifier": "34621229",
    "text": "Miracle-Gro Perlite, 8 qt., Improves Drainage and Aeration in Potting Mixes",
    "href": "/ip/Miracle-Gro-Perlite-8-qt/34621229?classType=REGULAR&athbdg=L1600&selectedSellerId=0",
    "currentPrice": "current price $5.97",
    "pricePerOz": "N/A",
    "pickup": "Pickup today",
    "delivery": "Delivery today",
    "shipping": "Shipping, arrives tomorrow"
  },
  {
    "ioId": "4MP06SMX8Q0H",
    "linkIdentifier": "349062728",
    "text": "Mainstays Flexible Plastic Square Laundry Hamper, 3 Pack, White",
    "href": "/ip/Mainstays-Flexible-Plastic-Square-Laundry-Hamper-3-Pack-White/349062728?classType=VARIANT&athbdg=L1600&selectedSellerId=0",
    "currentPrice": "current price $19.98",
    "pricePerOz": "N/A",
    "pickup": "Shipping, arrives in 3+ days",
    "delivery": "N/A",
    "shipping": "N/A"
  },
  {
    "ioId": "71JBO322KDNM",
    "linkIdentifier": "12167261",
    "text": "Suave Skin Solutions Silkening Body Lotion for Dry Skin with Baby Oil, All Skin Types, 32 oz",
    "href": "/ip/Suave-Skin-Solutions-Silkening-Body-Lotion-with-Baby-Oil-32-fl-oz/12167261?classType=REGULAR&selectedSellerId=0",
    "currentPrice": "current price $4.47",
    "pricePerOz": "14.0 ¢/fl oz",
    "pickup": "Pickup today",
    "delivery": "Delivery today",
    "shipping": "N/A"
  },
  {
    "ioId": "4P7A8Q68FFKJ",
    "linkIdentifier": "51251675",
    "text": "Mainstays Microfiber Zippered Pillow Protector, Standard/Queen",
    "href": "/ip/Mainstays-Microfiber-Zippered-Pillow-Protector-Standard-Queen/51251675?classType=VARIANT&selectedSellerId=0",
    "currentPrice": "current price $2.44",
    "pricePerOz": "N/A",
    "pickup": "Pickup today",
    "delivery": "Delivery today",
    "shipping": "Shipping, arrives tomorrow"
  },
  {
    "ioId": "5YLVFFO5H8ME",
    "linkIdentifier": "409119150",
    "text": "Fruit of the Loom Women's Cotton Bikini Underwear, 6-Pack",
    "href": "/ip/Fruit-of-the-Loom-Women-s-Bikini-Underwear-6-Pack/409119150?classType=VARIANT&selectedSellerId=0",
    "currentPrice": "current price $9.98",
    "pricePerOz": "$1.66/ea",
    "pickup": "Pickup today",
    "delivery": "Delivery today",
    "shipping": "Shipping, arrives tomorrow"
  },
  {
    "ioId": "495N004CK4O6",
    "linkIdentifier": "19720911",
    "text": "Rachael Ray Nutrish Natural Wet Dog Food, Grain Free, Hearty Beef Stew, 8 oz tub",
    "href": "/ip/Rachael-Ray-Nutrish-Natural-Wet-Dog-Food-Hearty-Beef-Stew-8-oz-Tub-Dogs/19720911?classType=VARIANT&selectedSellerId=102540235",
    "currentPrice": "current price Now $1.99",
    "pricePerOz": "$2.48",
    "pickup": "Shipping, arrives in 3+ days",
    "delivery": "N/A",
    "shipping": "N/A"
  },
  {
    "ioId": "4UN86DVFIHOM",
    "linkIdentifier": "523862561",
    "text": "Hanes Girls' Tagless Super Soft Cotton Brief Underwear, 10 pack, Sizes 4-16",
    "href": "/ip/Hanes-Girls-Tagless-Super-Soft-Cotton-Brief-Underwear-10-pack-Sizes-4-16/523862561?classType=VARIANT&selectedSellerId=0",
    "currentPrice": "current price $9.98",
    "pricePerOz": "N/A",
    "pickup": "Pickup at a nearby store",
    "delivery": "Shipping, arrives tomorrow",
    "shipping": "N/A"
  },
  {
    "ioId": "2CJ9EWSDQK5K",
    "linkIdentifier": "21592313",
    "text": "Red Heart® Super Saver® Jumbo #4 Medium Acrylic Yarn, Cafe Latte 14oz/396g, 744 Yards",
    "href": "/ip/Red-Heart-Super-Saver-Jumbo-4-Medium-Acrylic-Yarn-Cafe-Latte-14oz-396g-744-Yards/21592313?classType=VARIANT&selectedSellerId=0",
    "currentPrice": "current price $7.86",
    "pricePerOz": "56.1 ¢/oz",
    "pickup": "Pickup today",
    "delivery": "Delivery today",
    "shipping": "Shipping, arrives tomorrow"
  },
  {
    "ioId": "3N797LKLCWI0",
    "linkIdentifier": "535077003",
    "text": "Maybelline SuperStay Vinyl Ink Liquid Lipstick, Cheeky",
    "href": "/ip/Maybelline-SuperStay-Vinyl-Ink-Liquid-Lipstick-Cheeky/535077003?classType=VARIANT&selectedSellerId=102676001",
    "currentPrice": "current price Now $7.89",
    "pricePerOz": "$9.98",
    "pickup": "Shipping, arrives in 3+ days",
    "delivery": "N/A",
    "shipping": "N/A"
  },
  {
    "ioId": "364NAWJ46BPK",
    "linkIdentifier": "913573359",
    "text": "Hanes Men's Woven Boxers, 3 Pack",
    "href": "/ip/Hanes-Men-s-Woven-Boxers-3-Pack/913573359?classType=VARIANT&selectedSellerId=0",
    "currentPrice": "current price Now $10.98",
    "pricePerOz": "$12.98",
    "pickup": "Pickup at a nearby store",
    "delivery": "Shipping, arrives tomorrow",
    "shipping": "N/A"
  },
  {
    "ioId": "5Q4XEU736K9Y",
    "linkIdentifier": "10810919",
    "text": "ARM & HAMMER ULTRA MAX Deodorant, Active Sport, Solid Stick, 2.6 oz",
    "href": "/ip/ARM-HAMMER-ULTRA-MAX-Deodorant-Active-Sport-Solid-Stick-2-6-oz/10810919?classType=VARIANT&selectedSellerId=0",
    "currentPrice": "current price $2.34",
    "pricePerOz": "90.0 ¢/oz",
    "pickup": "Pickup today",
    "delivery": "Delivery today",
    "shipping": "N/A"
  },
  {
    "ioId": "702CAYZYKUG0",
    "linkIdentifier": "197473161",
    "text": "Joyspun Women's Pullover Comfort Bralette, Sizes S to 3XL",
    "href": "/ip/Joyspun-Women-s-Pullover-Comfort-Bralette-Sizes-S-to-3XL/197473161?classType=VARIANT&selectedSellerId=0",
    "currentPrice": "current price $11.98",
    "pricePerOz": "N/A",
    "pickup": "Pickup at a nearby store",
    "delivery": "Shipping, arrives tomorrow",
    "shipping": "N/A"
  },
  {
    "ioId": "7B905QIPAG3S",
    "linkIdentifier": "941322154",
    "text": "The Honey Pot Company, Herbal Overnight Pads with Wings, Organic Cotton Cover, 12 ct.",
    "href": "/ip/The-Honey-Pot-Company-Herbal-Overnight-Pads-with-Wings-Organic-Cotton-Cover-12-ct/941322154?classType=VARIANT&selectedSellerId=0",
    "currentPrice": "current price $8.38",
    "pricePerOz": "69.8 ¢/count",
    "pickup": "Pickup today",
    "delivery": "Delivery today",
    "shipping": "Shipping, arrives tomorrow"
  },
  {
    "ioId": "1GZVPPMCOURC",
    "linkIdentifier": "389101912",
    "text": "Wonder Nation Toddler Girl Canvas Skate Sneakers",
    "href": "/ip/Wonder-Nation-Toddler-Girl-Casual-Canvas-Skate-Sneaker-Sizes-5-12/389101912?classType=VARIANT&athbdg=L1700&selectedSellerId=0",
    "currentPrice": "current price Now $9.98",
    "pricePerOz": "$12.98",
    "pickup": "Pickup at a nearby store",
    "delivery": "Shipping, arrives tomorrow",
    "shipping": "N/A"
  },
  {
    "ioId": "5NVHZYSTTUAW",
    "linkIdentifier": "1040774438",
    "text": "L'Oreal Paris True Match Super-Blendable Foundation, N5 Medium, 1 fl oz",
    "href": "/ip/L-Oreal-Paris-True-Match-Super-Blendable-Foundation-N5-Medium-1-fl-oz/1040774438?classType=VARIANT&selectedSellerId=11758",
    "currentPrice": "current price Now $9.00",
    "pricePerOz": "$13.99",
    "pickup": "Free shipping, arrives in 3+ days",
    "delivery": "N/A",
    "shipping": "N/A"
  },
  {
    "ioId": "67X62NCHCBQT",
    "linkIdentifier": "439807682",
    "text": "Mainstays 11x14 Matted to 8x10 Traditional Gallery Wall Picture Frame, Black",
    "href": "/ip/Mainstays-11x14-Matted-to-8x10-Traditional-Gallery-Wall-Picture-Frame-Black/439807682?classType=VARIANT&selectedSellerId=0",
    "currentPrice": "current price $11.00",
    "pricePerOz": "N/A",
    "pickup": "Pickup today",
    "delivery": "Delivery today",
    "shipping": "Shipping, arrives tomorrow"
  },
  {
    "ioId": "1LT8NRBLSTD5",
    "linkIdentifier": "1725433083",
    "text": "Athletic Works Little Girl & Big Girl Mesh Jogger Lace Up Sneakers",
    "href": "/ip/Athletic-Works-Little-Girl-Big-Girl-Mesh-Jogger-Lace-Up-Sneakers/1725433083?classType=VARIANT&athbdg=L1400&selectedSellerId=0",
    "currentPrice": "current price Now $6.44",
    "pricePerOz": "$12.98",
    "pickup": "Shipping, arrives tomorrow",
    "delivery": "N/A",
    "shipping": "N/A"
  },
  {
    "ioId": "4RRUGS0VST09",
    "linkIdentifier": "20918422",
    "text": "Mod Podge Sealer, Glue, and Finish, Matte Finish, Clear, 8 fl oz",
    "href": "/ip/Mod-Podge-Matte-8-fl-oz/20918422?classType=REGULAR&selectedSellerId=0",
    "currentPrice": "current price Now $3.98",
    "pricePerOz": "$6.99",
    "pickup": "Pickup today",
    "delivery": "Delivery today",
    "shipping": "Shipping, arrives in 3+ days"
  },
  {
    "ioId": "1N593FY2VRT2",
    "linkIdentifier": "17177150",
    "text": "G eàu, version of Acqua di Gio*, by PB ParfumsBelcam, Eau de Toilette Spray for Men, 3.4 oz",
    "href": "/ip/Parfums-Belcam-G-Eau-Eau-De-Toilette-Cologne-for-Men-3-4-Fl-oz/17177150?classType=VARIANT&selectedSellerId=0",
    "currentPrice": "current price $8.08",
    "pricePerOz": "N/A",
    "pickup": "Pickup today",
    "delivery": "Delivery today",
    "shipping": "Shipping, arrives tomorrow"
  },
  {
    "ioId": "21ZE1X5AXO3T",
    "linkIdentifier": "215399334",
    "text": "Wonder Nation Toddler Boys Knit Denim Jeans, Sizes 12M-5T",
    "href": "/ip/Wonder-Nation-Toddler-Boys-Knit-Denim-Jeans-Sizes-12M-5T/215399334?classType=VARIANT&selectedSellerId=0",
    "currentPrice": "current price $10.98",
    "pricePerOz": "N/A",
    "pickup": "Pickup today",
    "delivery": "Delivery today",
    "shipping": "Shipping, arrives tomorrow"
  },
  {
    "ioId": "1VOBHBNFMXN6",
    "linkIdentifier": "896175",
    "text": "Hanes Women's Cool Comfort Cotton Brief Underwear, 6-Pack",
    "href": "/ip/Hanes-Women-s-Cool-Comfort-Cotton-Brief-Underwear-6-Pack/896175?classType=VARIANT&selectedSellerId=0",
    "currentPrice": "current price $10.47",
    "pricePerOz": "$1.75/ea",
    "pickup": "Pickup today",
    "delivery": "Delivery today",
    "shipping": "Shipping, arrives tomorrow"
  },
  {
    "ioId": "12G5TJZDJ12U",
    "linkIdentifier": "5144555645",
    "text": "Character Toddler Ankle Socks, 10-Pack, Sizes 12M-5T",
    "href": "/ip/Bluey-Toddler-Ankle-Socks-10-Pack-Sizes-12M-5T/5144555645?classType=VARIANT&selectedSellerId=0",
    "currentPrice": "current price $9.98",
    "pricePerOz": "99.8 ¢/ea",
    "pickup": "Pickup today",
    "delivery": "Delivery today",
    "shipping": "Shipping, arrives tomorrow"
  },
  {
    "ioId": "1S1C6U8SURE5",
    "linkIdentifier": "2960212856",
    "text": "Athletic Works Toddler Boys Mesh Jogger Sneakers",
    "href": "/ip/Athletic-Works-Toddler-Boys-Mesh-Jogger-Sneakers-Sizes-7-12/2960212856?classType=VARIANT&athbdg=L1700&selectedSellerId=0",
    "currentPrice": "current price Now $9.98",
    "pricePerOz": "$12.98",
    "pickup": "Shipping, arrives tomorrow",
    "delivery": "N/A",
    "shipping": "N/A"
  },
  {
    "ioId": "6LJU7CVMHL45",
    "linkIdentifier": "35587127",
    "text": "Eclipse Samara Solid Blackout Single Panel, Seaglass, 42\" W x 84\" L",
    "href": "/ip/Eclipse-Samara-Solid-Color-Blackout-Rod-Pocket-Single-Curtain-Panel-Sea-Glass-42-x-84/35587127?classType=VARIANT&selectedSellerId=0",
    "currentPrice": "current price $12.98",
    "pricePerOz": "N/A",
    "pickup": "Pickup at a nearby store",
    "delivery": "Shipping, arrives tomorrow",
    "shipping": "N/A"
  },
  {
    "ioId": "5FTSBZB5K6EM",
    "linkIdentifier": "629667360",
    "text": "Joyspun Women's Smoothing T-Shirt Bra, Sizes 34B to 42DD",
    "href": "/ip/Joyspun-Women-s-Smoothing-T-Shirt-Bra-Sizes-34B-to-42DD/629667360?classType=VARIANT&selectedSellerId=0",
    "currentPrice": "current price $13.48",
    "pricePerOz": "N/A",
    "pickup": "Pickup today",
    "delivery": "Delivery today",
    "shipping": "Shipping, arrives tomorrow"
  },
  {
    "ioId": "2OMZQWDHX8TO",
    "linkIdentifier": "181559018",
    "text": "e.l.f. Wow Brow Gel, Taupe, 0.12 oz",
    "href": "/ip/e-l-f-Wow-Brow-Gel-Taupe/181559018?classType=VARIANT&selectedSellerId=0",
    "currentPrice": "current price $5.00",
    "pricePerOz": "N/A",
    "pickup": "Pickup at a nearby store",
    "delivery": "Shipping, arrives tomorrow",
    "shipping": "N/A"
  },
  {
    "ioId": "5W7H2APX7DCW",
    "linkIdentifier": "11078332",
    "text": "Rit, All Purpose Liquid Dye, Denim Blue, 8 fl oz",
    "href": "/ip/Rit-All-Purpose-Liquid-Dye-Denim-Blue-8-oz/11078332?classType=VARIANT&selectedSellerId=0",
    "currentPrice": "current price $3.67",
    "pricePerOz": "45.9 ¢/fl oz",
    "pickup": "Pickup today",
    "delivery": "Delivery today",
    "shipping": "Shipping, arrives tomorrow"
  },
  {
    "ioId": "2TYO6OWX8ZUA",
    "linkIdentifier": "689623362",
    "text": "Hanes Women's Comfort Flex Fit Seamless Boyshort Underwear, 6-Pack",
    "href": "/ip/Hanes-Women-s-Comfort-Flex-Fit-Seamless-Boyshort-Underwear-6-Pack/689623362?classType=VARIANT&athbdg=L1300&selectedSellerId=0",
    "currentPrice": "current price Now $12.72",
    "pricePerOz": "$16.97",
    "pickup": "Pickup today",
    "delivery": "Delivery today",
    "shipping": "Shipping, arrives tomorrow"
  },
  {
    "ioId": "69YCFRSGDQ20",
    "linkIdentifier": "780799989",
    "text": "essie Nail Polish, Boatloads of Love, Off White, 0.46 fl oz Bottle",
    "href": "/ip/essie-Salon-Quality-Vegan-Nail-Polish-Off-White-0-46-fl-oz-Bottle/780799989?classType=VARIANT&selectedSellerId=5747",
    "currentPrice": "current price $9.10",
    "pricePerOz": "$19.78/oz",
    "pickup": "Free shipping, arrives in 3+ days",
    "delivery": "N/A",
    "shipping": "N/A"
  },
  {
    "ioId": "6V8PSK8ZOTMT",
    "linkIdentifier": "2933224914",
    "text": "Rugged Shark Toddler & Big Boys Eva Clogs",
    "href": "/ip/Rugged-Shark-Toddler-Boy-and-Kids-Molded-EVA-Clogs-Sizes-7-6/2933224914?classType=VARIANT&selectedSellerId=0",
    "currentPrice": "current price $10.98",
    "pricePerOz": "N/A",
    "pickup": "Shipping, arrives tomorrow",
    "delivery": "N/A",
    "shipping": "N/A"
  },
  {
    "ioId": "34GD7VSQS540",
    "linkIdentifier": "37680280",
    "text": "J.W. Mfg. Co., JW Manufacturing Cushion Head Cotton Mop, 1 mop",
    "href": "/ip/Cushion-Head-Cotton-Mop/37680280?classType=REGULAR&selectedSellerId=0",
    "currentPrice": "current price $5.96",
    "pricePerOz": "N/A",
    "pickup": "Pickup today",
    "delivery": "Delivery today",
    "shipping": "N/A"
  },
  {
    "ioId": "3HW8D9AH1DEC",
    "linkIdentifier": "988415419",
    "text": "Time and Tru Women's Scrunch Ballet Flats, Sizes 6-11, Wide Width Available",
    "href": "/ip/Time-and-Tru-Women-s-Scrunch-Ballet-Flats-Sizes-6-11-Wide-Width-Available/988415419?classType=VARIANT&selectedSellerId=0",
    "currentPrice": "current price $10.98",
    "pricePerOz": "N/A",
    "pickup": "Pickup at a nearby store",
    "delivery": "Shipping, arrives tomorrow",
    "shipping": "N/A"
  },
  {
    "ioId": "6LKXJEYQG6QO",
    "linkIdentifier": "232117204",
    "text": "Wonder Nation Boys Cotton Crewneck Tee, 5-Pack, Sizes 6-18 & Husky",
    "href": "/ip/Wonder-Nation-Boys-Crewneck-T-Shirt-5-Pack-Sizes-6-18-Husky/232117204?classType=VARIANT&selectedSellerId=0",
    "currentPrice": "current price $8.98",
    "pricePerOz": "$1.80/ea",
    "pickup": "Pickup today",
    "delivery": "Delivery today",
    "shipping": "Shipping, arrives tomorrow"
  },
  {
    "ioId": "4DF22OS5PVTL",
    "linkIdentifier": "876459",
    "text": "Nair Moisturizing Facial Hair Removal Cream With Sweet Almond Oil, #1 Depilatory Cream For Face, 2 oz Bottle, For All Skin Types",
    "href": "/ip/Nair-Hair-remover-Cream/876459?classType=REGULAR&selectedSellerId=0",
    "currentPrice": "current price $4.18",
    "pricePerOz": "$2.09/oz",
    "pickup": "Pickup today",
    "delivery": "Delivery today",
    "shipping": "N/A"
  },
  {
    "ioId": "3LOPTLW3R1AR",
    "linkIdentifier": "258625409",
    "text": "Gold, Rust-Oleum American Accents 2X Ultra Cover Metallic Spray Paint- 12 oz",
    "href": "/ip/Gold-Rust-Oleum-American-Accents-2X-Ultra-Cover-Metallic-Spray-Paint-12-oz/258625409?classType=VARIANT&athbdg=L1600&selectedSellerId=0",
    "currentPrice": "current price $5.98",
    "pricePerOz": "49.8 ¢/oz",
    "pickup": "Pickup today",
    "delivery": "Delivery today",
    "shipping": "Shipping, arrives tomorrow"
  },
  {
    "ioId": "75B88OJMFIUH",
    "linkIdentifier": "716430286",
    "text": "Cricut® Premium Vinyl – Permanent, Black, 12\" x 48\"",
    "href": "/ip/Cricut-Premium-Vinyl-Permanent-Black-12-x-48/716430286?classType=VARIANT&athbdg=L1600&selectedSellerId=0",
    "currentPrice": "current price Now $5.97",
    "pricePerOz": "$8.99",
    "pickup": "Pickup today",
    "delivery": "Delivery today",
    "shipping": "Shipping, arrives tomorrow"
  },
  {
    "ioId": "32ZIOZDVMBVK",
    "linkIdentifier": "22410393",
    "text": "Sally Hansen Hard as Nails Nail Polish, Mighty Mango, 0.45 oz, No Chipping or Splitting",
    "href": "/ip/Sally-Hansen-Hard-as-Nails-Nail-Polish-Mighty-Mango-0-45-oz-No-Chipping-or-Splitting/22410393?classType=VARIANT&athbdg=L1600&selectedSellerId=0",
    "currentPrice": "current price $2.37",
    "pricePerOz": "$5.27/fl oz",
    "pickup": "Pickup today",
    "delivery": "Delivery today",
    "shipping": "N/A"
  },
  {
    "ioId": "5AB1RQI8M3M1",
    "linkIdentifier": "135517614",
    "text": "Splat Midnight Complete Kit, Semi-Permanent Hair Dye without Bleach, Midnight Ruby",
    "href": "/ip/Splat-Midnight-Amethyst/135517614?classType=VARIANT&athbdg=L1600&selectedSellerId=0",
    "currentPrice": "current price $10.26",
    "pricePerOz": "N/A",
    "pickup": "Pickup today",
    "delivery": "Delivery today",
    "shipping": "Shipping, arrives tomorrow"
  },
  {
    "ioId": "6QO1EZXT8MRK",
    "linkIdentifier": "10316793",
    "text": "Super Tech R-134a Refrigerant, 12 oz.",
    "href": "/ip/Super-Tech-R-134A-Refrigerant-12-oz/10316793?classType=VARIANT&athbdg=L1600&selectedSellerId=0",
    "currentPrice": "current price $9.98",
    "pricePerOz": "2.9 ¢/g",
    "pickup": "Shipping, arrives in 2 days",
    "delivery": "N/A",
    "shipping": "N/A"
  },
  {
    "ioId": "2IUJ2RYXGVFX",
    "linkIdentifier": "983766477",
    "text": "Mainstays 5x7 Rustic Gray Decorative Tabletop Picture Frame",
    "href": "/ip/Mainstays-5x7-Rustic-Gray-Decorative-Tabletop-Picture-Frame/983766477?classType=VARIANT&athbdg=L1600&selectedSellerId=0",
    "currentPrice": "current price $5.26",
    "pricePerOz": "N/A",
    "pickup": "Pickup today",
    "delivery": "Delivery today",
    "shipping": "Shipping, arrives tomorrow"
  },
  {
    "ioId": "4D2EJQGYAOCM",
    "linkIdentifier": "831029303",
    "text": "Equate Travel Kit, 8 Piece Plastics",
    "href": "/ip/Equate-Travel-Kit-8-Piece-Plastics/831029303?classType=REGULAR&athbdg=L1600&selectedSellerId=0",
    "currentPrice": "current price $4.00",
    "pricePerOz": "50.0 ¢/ea",
    "pickup": "Pickup today",
    "delivery": "Delivery today",
    "shipping": "Shipping, arrives tomorrow"
  },
  {
    "ioId": "15SJ0V77U4MG",
    "linkIdentifier": "45654808",
    "text": "Waverly Inspirations Chalk Paint, Ultra Matte, Elephant, 8 fl oz",
    "href": "/ip/Waverly-Inspirations-Chalk-Paint-Elephant-8-oz/45654808?classType=VARIANT&athbdg=L1600&selectedSellerId=0",
    "currentPrice": "current price $7.27",
    "pricePerOz": "90.9 ¢/fl oz",
    "pickup": "Pickup today",
    "delivery": "Delivery today",
    "shipping": "Shipping, arrives tomorrow"
  },
  {
    "ioId": "2OW0XRITHEZ6",
    "linkIdentifier": "277775436",
    "text": "Mainstays Black and White Lines Canvas Storage Basket with Handles",
    "href": "/ip/Mainstays-Black-and-White-Lines-Canvas-Storage-Basket-with-Handles/277775436?classType=VARIANT&athbdg=L1300&selectedSellerId=0",
    "currentPrice": "current price Now $7.48",
    "pricePerOz": "$9.17",
    "pickup": "Pickup at a nearby store",
    "delivery": "Shipping, arrives tomorrow",
    "shipping": "N/A"
  },
  {
    "ioId": "5M18CO8MXB44",
    "linkIdentifier": "276210709",
    "text": "Infantino Soothing Soft Circular Water Teether, Blue",
    "href": "/ip/Infantino-Soothing-Soft-Crinkle-Water-Teether-for-Babies-0-36-Months-Blue/276210709?classType=VARIANT&selectedSellerId=0",
    "currentPrice": "current price $1.46",
    "pricePerOz": "N/A",
    "pickup": "Pickup today",
    "delivery": "Delivery today",
    "shipping": "N/A"
  },
  {
    "ioId": "4VTL6E79ULES",
    "linkIdentifier": "879318492",
    "text": "10CT 7\" PLT HB",
    "href": "/ip/Way-to-Celebrate-Bright-Stars-Birthday-Multicolor-Paper-Dessert-Plates-7in-10ct/879318492?classType=VARIANT&selectedSellerId=0",
    "currentPrice": "current price $1.17",
    "pricePerOz": "$11.70/100 ct",
    "pickup": "Pickup today",
    "delivery": "Delivery today",
    "shipping": "Shipping, arrives tomorrow"
  },
  {
    "ioId": "60JHP2XLUPYE",
    "linkIdentifier": "664098926",
    "text": "Hyland's PRID Drawing Salve, Natural Relief of Topical Pain and Irritation, 18 Grams",
    "href": "/ip/Hyland-s-PRID-Drawing-Salve-Natural-Relief-of-Topical-Pain-and-Irritation-18-Grams/664098926?classType=REGULAR&selectedSellerId=0",
    "currentPrice": "current price $7.12",
    "pricePerOz": "$11.30/oz",
    "pickup": "Pickup today",
    "delivery": "Delivery today",
    "shipping": "N/A"
  },
  {
    "ioId": "0WPLKKRSMXV4",
    "linkIdentifier": "118972718",
    "text": "Premier Yarns - Puzzle Yarn - Acrostic - 7oz 328yds - 5 Bulky Weight - Acrylic",
    "href": "/ip/Premier-Yarns-Puzzle-Yarn-Acrostic-7oz-328yds-5-Bulky-Weight-Acrylic/118972718?classType=VARIANT&selectedSellerId=0",
    "currentPrice": "current price $9.93",
    "pricePerOz": "5.0 ¢/g",
    "pickup": "Shipping, arrives tomorrow",
    "delivery": "N/A",
    "shipping": "N/A"
  },
  {
    "ioId": "5DDTMPEHVZ52",
    "linkIdentifier": "961834631",
    "text": "Sofia Active by Sofia Vergara Women’s High Waist Studio Leggings, 27\" and 23\" Inseam",
    "href": "/ip/Sofia-Active-by-Sofia-Vergara-Women-s-High-Waist-Studio-Leggings-27-and-23-Inseam/961834631?classType=VARIANT&selectedSellerId=0",
    "currentPrice": "current price Now $3.99",
    "pricePerOz": "$5.99",
    "pickup": "Shipping, arrives in 3+ days",
    "delivery": "N/A",
    "shipping": "N/A"
  },
  {
    "ioId": "61WGRZH8L91E",
    "linkIdentifier": "761057081",
    "text": "Fruit of the Loom Men's 6-Pack Woven & Knit Boxers – Relaxed Fit, Soft Cotton Blend, Moisture-Wicking, S-3XL",
    "href": "/ip/Fruit-of-the-Loom-Men-s-Woven-Boxers-6-Pack/761057081?classType=VARIANT&selectedSellerId=1982",
    "currentPrice": "current price $27.28",
    "pricePerOz": "$4.55/ea",
    "pickup": "Free shipping, arrives in 3+ days",
    "delivery": "N/A",
    "shipping": "N/A"
  },
  {
    "ioId": "1U3LMITVLUBU",
    "linkIdentifier": "28664707",
    "text": "Calvin Klein Eternity Eau De Toilette Cologne for Men, 3.4 oz",
    "href": "/ip/Calvin-Klein-Eternity-Eau-De-Toilette-Cologne-for-Men-3-4-oz/28664707?classType=VARIANT&selectedSellerId=0",
    "currentPrice": "current price Now $22.27",
    "pricePerOz": "$76.00",
    "pickup": "Shipping, arrives in 3+ days",
    "delivery": "N/A",
    "shipping": "N/A"
  },
  {
    "ioId": "6ZOOBMW9GF0N",
    "linkIdentifier": "36019107",
    "text": "Mobil 1 Extended Performance Full Synthetic Motor Oil 0W-20, 5 Quart",
    "href": "/ip/Mobil-1-Extended-Performance-Full-Synthetic-Motor-Oil-0W-20-5-Quart/36019107?classType=VARIANT&selectedSellerId=0",
    "currentPrice": "current price $29.97",
    "pricePerOz": "$5.99/qt",
    "pickup": "Pickup today",
    "delivery": "Delivery today",
    "shipping": "Shipping, arrives tomorrow"
  },
  {
    "ioId": "5L3S4WVEVVOH",
    "linkIdentifier": "27003084",
    "text": "Juicy Couture Viva La Juicy Eau De Parfum, Perfume for Women, 3.4 oz",
    "href": "/ip/Juicy-Couture-Viva-La-Juicy-Eau-De-Parfum-Spray/27003084?classType=VARIANT&selectedSellerId=101210953",
    "currentPrice": "current price Now $48.88",
    "pricePerOz": "$98.00",
    "pickup": "Free shipping, arrives in 3+ days",
    "delivery": "N/A",
    "shipping": "N/A"
  },
  {
    "ioId": "1PCAE2Q4HGUF",
    "linkIdentifier": "17128876",
    "text": "Mobil 1 Extended Performance Full Synthetic Motor Oil 5W-30, 5 Quart",
    "href": "/ip/Mobil-1-Extended-Performance-Full-Synthetic-Motor-Oil-5W-30-5-Quart/17128876?classType=VARIANT&selectedSellerId=0",
    "currentPrice": "current price $29.97",
    "pricePerOz": "$5.99/qt",
    "pickup": "Pickup today",
    "delivery": "Delivery today",
    "shipping": "Shipping, arrives tomorrow"
  },
  {
    "ioId": "2SVZL84ZT60M",
    "linkIdentifier": "24511377",
    "text": "Cool Water For Men By Davidoff 4.2 oz EDT Spray",
    "href": "/ip/Davidoff-Cool-Water-Cologne-for-Men-4-2-Oz/24511377?classType=VARIANT&selectedSellerId=101563785",
    "currentPrice": "current price Now $24.90",
    "pricePerOz": "$44.64",
    "pickup": "Shipping, arrives in 3+ days",
    "delivery": "N/A",
    "shipping": "N/A"
  },
  {
    "ioId": "4V1ART1XMNF5",
    "linkIdentifier": "116627367",
    "text": "AZO Complete Feminine Balance Daily Probiotic Supplement, Protecting Vaginal Health, 30 Count, Adult",
    "href": "/ip/AZO-Complete-Feminine-Balance-Female-Probiotic-Supplement-30-Ct/116627367?classType=REGULAR&selectedSellerId=0",
    "currentPrice": "current price $24.96",
    "pricePerOz": "83.2 ¢/count",
    "pickup": "Pickup today",
    "delivery": "Delivery today",
    "shipping": "Shipping, arrives tomorrow"
  },
  {
    "ioId": "4YMP58ZZCV6E",
    "linkIdentifier": "53832366",
    "text": "Creativeware 3 Gallon Mosaic Clear Acrylic Beverage Dispenser",
    "href": "/ip/3-Gallon-Mosaic-Beverage-Dispenser/53832366?classType=VARIANT&selectedSellerId=0",
    "currentPrice": "current price $24.76",
    "pricePerOz": "N/A",
    "pickup": "Pickup today",
    "delivery": "Delivery today",
    "shipping": "Shipping, arrives tomorrow"
  },
  {
    "ioId": "6K0QP5IQYUDL",
    "linkIdentifier": "203517855",
    "text": "Sterilite Wheeled Footlocker Utility Storage Container, Red, 2 Pack",
    "href": "/ip/Sterilite-23-Gallon-Footlocker-Toolbox-Tote-w-Wheels-Infra-Red-2-Pack/203517855?classType=VARIANT&athbdg=L1700&selectedSellerId=1187",
    "currentPrice": "current price Now $82.89",
    "pricePerOz": "$106.99",
    "pickup": "Free shipping, arrives in 3+ days",
    "delivery": "N/A",
    "shipping": "N/A"
  },
  {
    "ioId": "5FSXP41CPYJ9",
    "linkIdentifier": "840726233",
    "text": "ALROCKET HEPA Air Purifier with Light Extra Large Room (350 Sq. Ft), White",
    "href": "/ip/ALROCKET-HEPA-Air-Purifier-with-Light-Extra-Large-Room-350-Sq-Ft-White/840726233?classType=REGULAR&athbdg=L1400&selectedSellerId=101089788",
    "currentPrice": "current price Now $39.99",
    "pricePerOz": "$89.99",
    "pickup": "Free shipping, arrives in 2 days",
    "delivery": "N/A",
    "shipping": "N/A"
  },
  {
    "ioId": "7CTX543ZCDGN",
    "linkIdentifier": "17018132",
    "text": "Mobil 1 Advanced Full Synthetic Motor Oil 5W-20, 5 Quart",
    "href": "/ip/Mobil-1-Advanced-Full-Synthetic-Motor-Oil-5W-20-5-Quart/17018132?classType=VARIANT&selectedSellerId=0",
    "currentPrice": "current price $27.97",
    "pricePerOz": "$5.59/qt",
    "pickup": "Pickup today",
    "delivery": "Delivery today",
    "shipping": "Shipping, arrives tomorrow"
  },
  {
    "ioId": "7JZIQQBJ04DJ",
    "linkIdentifier": "301680558",
    "text": "Mainstays Writing Desk, True Black Oak Finish",
    "href": "/ip/Mainstays-Small-Space-Writing-Desk-with-2-Shelves-True-Black-Oak-Finish/301680558?classType=VARIANT&selectedSellerId=0",
    "currentPrice": "current price Now $32.96",
    "pricePerOz": "$36.96",
    "pickup": "Pickup today",
    "delivery": "Delivery today",
    "shipping": "Shipping, arrives tomorrow"
  },
  {
    "ioId": "22N7INZU1YS0",
    "linkIdentifier": "24471380",
    "text": "FRONTLINE® Plus For Dogs Flea & Tick Large Breed Dog Spot Treatment, 45 - 88 lbs, 3ct",
    "href": "/ip/FRONTLINE-Plus-For-Dogs-Flea-Tick-Large-Breed-Dog-Spot-Treatment-45-88-lbs-3ct/24471380?classType=VARIANT&selectedSellerId=0",
    "currentPrice": "current price $43.12",
    "pricePerOz": "$14.37/count",
    "pickup": "Free pickup today",
    "delivery": "Delivery today",
    "shipping": "Free shipping, arrives tomorrow"
  },
  {
    "ioId": "4E093UERSCZ5",
    "linkIdentifier": "184324305",
    "text": "BISSELL Power Force Compact Turbo Bagless Vacuum, 2690",
    "href": "/ip/BISSELL-Power-Force-Compact-Turbo-Bagless-Vacuum-2690/184324305?classType=REGULAR&selectedSellerId=0",
    "currentPrice": "current price $58.00",
    "pricePerOz": "N/A",
    "pickup": "Free pickup today",
    "delivery": "Delivery today",
    "shipping": "Free shipping, arrives tomorrow"
  },
  {
    "ioId": "4FA3ZQUQLT2W",
    "linkIdentifier": "852208480",
    "text": "Seagate Game Drive for Xbox 2TB External USB 3.2 Gen 1 Hard Drive Xbox Certified with Green LED Bar (STKX2000403)",
    "href": "/ip/Seagate-Game-Drive-for-Xbox-2TB-External-USB-3-2-Gen-1-Hard-Drive-Xbox-Certified-with-Green-LED-Bar-STKX2000403/852208480?classType=VARIANT&selectedSellerId=0",
    "currentPrice": "current price $85.00",
    "pricePerOz": "N/A",
    "pickup": "Free pickup today",
    "delivery": "Delivery today",
    "shipping": "Free shipping, arrives tomorrow"
  },
  {
    "ioId": "4JVSNU0WX6AV",
    "linkIdentifier": "282852254",
    "text": "Mainstays 3-Door TV Stand Console for TVs up to 50\", Blackwood Finish",
    "href": "/ip/Mainstays-3-Door-TV-Stand-Console-for-TVs-up-to-50-Blackwood-Finish/282852254?classType=VARIANT&selectedSellerId=0",
    "currentPrice": "current price $59.00",
    "pricePerOz": "N/A",
    "pickup": "Free shipping, arrives in 3+ days",
    "delivery": "N/A",
    "shipping": "N/A"
  },
  {
    "ioId": "73LJJH7QWGCJ",
    "linkIdentifier": "55596009",
    "text": "Storkcraft Sunset 4-in-1 Convertible Baby Crib, White",
    "href": "/ip/Storkcraft-Sunset-4-in-1-Convertible-Baby-Crib-White/55596009?classType=VARIANT&selectedSellerId=0",
    "currentPrice": "current price $99.97",
    "pricePerOz": "N/A",
    "pickup": "Free shipping, arrives tomorrow",
    "delivery": "N/A",
    "shipping": "N/A"
  },
  {
    "ioId": "1MK9GSW7WM40",
    "linkIdentifier": "346540473",
    "text": "onn. 24\" FHD (1920 x 1080p) 165hz 1ms Adaptive Sync Gaming Monitor with Cables, Black",
    "href": "/ip/onn-24-FHD-1920-x-1080p-165hz-1ms-Adaptive-Sync-Gaming-Monitor-with-Cables-Black/346540473?classType=REGULAR&selectedSellerId=0",
    "currentPrice": "current price Now $129.00",
    "pricePerOz": "$149.00",
    "pickup": "Free pickup today",
    "delivery": "Delivery today",
    "shipping": "Free shipping, arrives tomorrow"
  },
  {
    "ioId": "3F2WX8KLFRLV",
    "linkIdentifier": "851278770",
    "text": "Gotrax Edge Hoverboard for Kids Adults, 6.5\" Tires 6.2mph & 2.5 Miles Self Balancing Scooter, Galaxy",
    "href": "/ip/Gotrax-Edge-Hoverboard-for-Kids-Adults-6-5-Tires-6-2mph-2-5-Miles-Self-Balancing-Scooter-Galaxy/851278770?classType=VARIANT&selectedSellerId=0",
    "currentPrice": "current price $98.00",
    "pricePerOz": "N/A",
    "pickup": "Free pickup today",
    "delivery": "Delivery today",
    "shipping": "Free shipping, arrives tomorrow"
  },
  {
    "ioId": "5RVQANXB4ZBD",
    "linkIdentifier": "1623661575",
    "text": "Lovehoney mon ami Pleasure Air Suction Vibrating Rose, Red",
    "href": "/ip/Lovehoney-Mon-Ami-Pleasure-Air-Suction-Vibrating-Rose-Red/1623661575?classType=VARIANT&selectedSellerId=0",
    "currentPrice": "current price $41.94",
    "pricePerOz": "N/A",
    "pickup": "Free pickup today",
    "delivery": "Delivery today",
    "shipping": "Free shipping, arrives tomorrow"
  },
  {
    "ioId": "36AMSEKE15KY",
    "linkIdentifier": "235985759",
    "text": "Baby Relax Adele 3-in-1 Convertible Crib, White",
    "href": "/ip/Baby-Relax-Adele-3-in-1-Convertible-Crib-White/235985759?classType=VARIANT&selectedSellerId=0",
    "currentPrice": "current price $114.00",
    "pricePerOz": "N/A",
    "pickup": "Free pickup today",
    "delivery": "Delivery today",
    "shipping": "Free shipping, arrives tomorrow"
  },
  {
    "ioId": "3XVGUY340IPY",
    "linkIdentifier": "8782308780",
    "text": "Arctic King 7 Cu ft Chest Freezer, Black",
    "href": "/ip/Arctic-King-7-Cu-ft-Chest-Freezer-Black/8782308780?classType=VARIANT&selectedSellerId=0",
    "currentPrice": "current price $188.00",
    "pricePerOz": "N/A",
    "pickup": "Free shipping, arrives tomorrow",
    "delivery": "N/A",
    "shipping": "N/A"
  },
  {
    "ioId": "3CFEBJ309Y03",
    "linkIdentifier": "774655578",
    "text": "Primo® Water Htrio Coffee K-Cup Water Dispenser Bottom Loading, Hot/Cold Temperature, Black",
    "href": "/ip/Primo-Water-Htrio-Coffee-K-Cup-Water-Dispenser-Bottom-Loading-Hot-Cold-Temperature-Black/774655578?classType=VARIANT&selectedSellerId=0",
    "currentPrice": "current price $274.00",
    "pricePerOz": "N/A",
    "pickup": "Pickup at a nearby store",
    "delivery": "Free shipping, arrives tomorrow",
    "shipping": "N/A"
  },
  {
    "ioId": "6I1P9AETNP6O",
    "linkIdentifier": "111136221",
    "text": "Backyard Discovery Aurora Wooden Cedar Swing Set",
    "href": "/ip/Backyard-Discovery-Aurora-Wooden-Cedar-Swing-Set/111136221?classType=REGULAR&selectedSellerId=0",
    "currentPrice": "current price $298.00",
    "pricePerOz": "N/A",
    "pickup": "Free shipping, arrives in 2 days",
    "delivery": "N/A",
    "shipping": "N/A"
  },
  {
    "ioId": "4DFPO913WUX1",
    "linkIdentifier": "1567504836",
    "text": "Bandai Namco Entertainment Legacy Arcade Ms. Pac-Man Edition with WIFI",
    "href": "/ip/Bandai-Namco-Entertainment-Legacy-Arcade-Ms-Pac-Man-Edition-with-WIFI/1567504836?classType=VARIANT&selectedSellerId=0",
    "currentPrice": "current price $299.00",
    "pricePerOz": "N/A",
    "pickup": "Free shipping, arrives in 3+ days",
    "delivery": "N/A",
    "shipping": "N/A"
  },
  {
    "ioId": "49NF1TIWNU0N",
    "linkIdentifier": "911602783",
    "text": "Arctic King 7.0 Cu ft Upright Freezer, White, ARU07M2AWW",
    "href": "/ip/Arctic-King-7-0-Cu-ft-Upright-Freezer-White-ARU07M2AWW/911602783?classType=VARIANT&athbdg=L1300&selectedSellerId=0",
    "currentPrice": "current price $197.00",
    "pricePerOz": "$384.49",
    "pickup": "N/A",
    "delivery": "N/A",
    "shipping": "N/A"
  },
  {
    "ioId": "1X70TFLV74GK",
    "linkIdentifier": "4404150",
    "text": "Goodyear Wrangler Radial 235/75R15 105S All-Season Tire Fits: 1995-99 Chevrolet Tahoe LT, 1999 Chevrolet Silverado 1500 Base",
    "href": "/ip/Goodyear-Wrangler-Radial-Tire-P235-75R15-105S/4404150?classType=REGULAR&athbdg=L1600&selectedSellerId=0",
    "currentPrice": "current price $105.00",
    "pricePerOz": "N/A",
    "pickup": "Free pickup today",
    "delivery": "Free shipping, arrives in 3+ days",
    "shipping": "N/A"
  },
  {
    "ioId": "4BM4BHLS059S",
    "linkIdentifier": "28212763",
    "text": "Great Value Disposable Plastic Cups, Clear, 16 oz, 100 Count",
    "href": "/ip/Great-Value-Clear-Cups-16-fl-oz-100-count/28212763?classType=VARIANT&athbdg=L1600&selectedSellerId=0",
    "currentPrice": "current price $8.24",
    "pricePerOz": "$8.24/100 ct",
    "pickup": "Pickup today",
    "delivery": "Delivery today",
    "shipping": "Shipping, arrives tomorrow"
  },
  {
    "ioId": "6VBUIZGG3HTX",
    "linkIdentifier": "10997361",
    "text": "Brute Super Tuff Compactor Trash Bags, 20 Gallon, 20 Count",
    "href": "/ip/Brute-Super-Tuff-20-Gallon-Size-Compactor-Bags-20-Ct/10997361?classType=VARIANT&selectedSellerId=0",
    "currentPrice": "current price $10.12",
    "pricePerOz": "50.6 ¢/count",
    "pickup": "Pickup today",
    "delivery": "Delivery today",
    "shipping": "Shipping, arrives tomorrow"
  },
  {
    "ioId": "1QCEINQBH41K",
    "linkIdentifier": "355581226",
    "text": "Rachael Ray Nutrish Soup Bones With Real Chicken & Veggies, 11 Dog Chews",
    "href": "/ip/Rachael-Ray-Nutrish-Soup-Bones-With-Real-Chicken-Veggies-11-Dog-Chews/355581226?classType=VARIANT&athbdg=L1600&selectedSellerId=0",
    "currentPrice": "current price $11.99",
    "pricePerOz": "51.9 ¢/oz",
    "pickup": "Pickup today",
    "delivery": "Delivery today",
    "shipping": "Shipping, arrives tomorrow"
  },
  {
    "ioId": "2Y8IZC4FA0U1",
    "linkIdentifier": "477853035",
    "text": "Poise Ultra Thin Incontinence Pads, 3 Drop Light Absorbency, Regular Length, 48 Count",
    "href": "/ip/Poise-Ultra-Thin-Incontinence-Pads-for-Women-3-Drop-Light-Absorbency-Regular-48-Count/477853035?classType=VARIANT&athbdg=L1600&selectedSellerId=0",
    "currentPrice": "current price $10.12",
    "pricePerOz": "N/A",
    "pickup": "Pickup today",
    "delivery": "Delivery today",
    "shipping": "Shipping, arrives tomorrow"
  },
  {
    "ioId": "5Z5L7KEH239F",
    "linkIdentifier": "863186526",
    "text": "Irish Spring Moisture Blast Bar Soap for Men, Moisturizing Bar Soap, All Skin Types, 3.7 Ounce, 8 Bar Pack",
    "href": "/ip/Irish-Spring-Moisture-Blast-Bar-Soap-for-Men-Moisturizing-Bar-Soap-8-Pack-3-7-Oz-Soap-Bars/863186526?classType=VARIANT&selectedSellerId=0",
    "currentPrice": "current price $5.97",
    "pricePerOz": "20.2 ¢/oz",
    "pickup": "Pickup today",
    "delivery": "Delivery today",
    "shipping": "N/A"
  },
  {
    "ioId": "6F65WJMW5ESJ",
    "linkIdentifier": "46396614",
    "text": "Old Spice Men's Antiperspirant Deodorant, Invisible Solid Stick, Timber with Sandalwood, 3.4 oz",
    "href": "/ip/Old-Spice-Men-s-Antiperspirant-Deodorant-Invisible-Solid-Stick-Timber-with-Sandalwood-3-4-oz/46396614?classType=REGULAR&selectedSellerId=0",
    "currentPrice": "current price $7.97",
    "pricePerOz": "$2.34/oz",
    "pickup": "Pickup today",
    "delivery": "Delivery today",
    "shipping": "N/A"
  },
  {
    "ioId": "56MZ45B7H4JM",
    "linkIdentifier": "136997259",
    "text": "Blue Buffalo Wilderness Adult Wet Dog Food Beef & Chicken Grill, 12.5-oz. Can",
    "href": "/ip/Blue-Buffalo-Wilderness-High-Protein-Beef-and-Chicken-Wet-Dog-Food-for-Adult-Dogs-Grain-Free-12-5-oz-Can/136997259?classType=REGULAR&athbdg=L1300&selectedSellerId=0",
    "currentPrice": "current price Now $3.26",
    "pricePerOz": "$8.99",
    "pickup": "Pickup today",
    "delivery": "Delivery today",
    "shipping": "N/A"
  },
  {
    "ioId": "20D6HYOXH77S",
    "linkIdentifier": "119969971",
    "text": "6Double Bounty towels",
    "href": "/ip/6Double-Bounty-towels/119969971?classType=REGULAR",
    "currentPrice": "N/A",
    "pricePerOz": "N/A",
    "pickup": "Free shipping, arrives in 3+ days",
    "delivery": "N/A",
    "shipping": "N/A"
  },
  {
    "ioId": "27PB73P1WGCT",
    "linkIdentifier": "774789348",
    "text": "Garnier Hair Care Fructis Triple Nutrition Curl Nourish Shampoo, 12.5 Fluid",
    "href": "/ip/Garnier-Fructis-Curl-Nourish-Moisturizing-Shampoo-with-Elasto-Protein-All-Hair-Types-12-5-fl-oz/774789348?classType=REGULAR&athbdg=L1600&selectedSellerId=0",
    "currentPrice": "current price $3.97",
    "pricePerOz": "31.8 ¢/fl oz",
    "pickup": "Pickup today",
    "delivery": "Delivery today",
    "shipping": "N/A"
  },
  {
    "ioId": "24YMCTVC67UH",
    "linkIdentifier": "10293792",
    "text": "Nexxus Firm Hold Hairspray Maxximum for 72H Firm Hold, 10 oz",
    "href": "/ip/Nexxus-Maximum-Hairspray-10-oz/10293792?classType=REGULAR&athbdg=L1600&selectedSellerId=0",
    "currentPrice": "current price $14.97",
    "pricePerOz": "$1.50/oz",
    "pickup": "Pickup today",
    "delivery": "Delivery today",
    "shipping": "Shipping, arrives tomorrow"
  },
  {
    "ioId": "2W2ZO4JEJCW4",
    "linkIdentifier": "11027394",
    "text": "Purex Fresh Lavender Blossom, 115 Loads, Liquid Laundry Detergent with Crystals Fragrance, 150 fl oz",
    "href": "/ip/Purex-Detergents-Ultra-Concentrate-Lavender-Fresh-Laundry-Detergent-150-oz/11027394?classType=VARIANT&selectedSellerId=0",
    "currentPrice": "current price $9.97",
    "pricePerOz": "6.6 ¢/fl oz",
    "pickup": "Pickup today",
    "delivery": "Delivery today",
    "shipping": "Shipping, arrives tomorrow"
  },
  {
    "ioId": "4348HYXD81RT",
    "linkIdentifier": "24471248",
    "text": "Glade Automatic Spray Refills, Air Freshener, Infused with Essential Oils, Lavender & Vanilla, 6.2 oz, 2 Count",
    "href": "/ip/Glade-Automatic-Spray-Refills-Fall-Decor-Air-Freshener-Infused-with-Essential-Oils-Lavender-Vanilla-6-2-oz-2-Count/24471248?classType=VARIANT&athbdg=L1600&selectedSellerId=0",
    "currentPrice": "current price $9.98",
    "pricePerOz": "$1.61/oz",
    "pickup": "Pickup today",
    "delivery": "Delivery today",
    "shipping": "Shipping, arrives tomorrow"
  },
  {
    "ioId": "1JTD971DGLNT",
    "linkIdentifier": "679502494",
    "text": "SV Adult Vitamin C 250 mg 150 Gummies",
    "href": "/ip/SV-Adult-Vitamin-C-250-mg-150-Gummies/679502494?classType=VARIANT&selectedSellerId=0",
    "currentPrice": "current price $9.32",
    "pricePerOz": "6.2 ¢/count",
    "pickup": "Pickup today",
    "delivery": "Delivery today",
    "shipping": "Shipping, arrives tomorrow"
  },
  {
    "ioId": "3UQ52HELREG9",
    "linkIdentifier": "100809383",
    "text": "Degree Women UltraClear Antiperspirant Deodorant Black+White Pure Rain 2.6 oz",
    "href": "/ip/Degree-Women-UltraClear-Antiperspirant-Deodorant-Black-White-Pure-Rain-2-6-oz/100809383?classType=REGULAR&selectedSellerId=0",
    "currentPrice": "current price $4.98",
    "pricePerOz": "$1.92/oz",
    "pickup": "Pickup today",
    "delivery": "Delivery today",
    "shipping": "N/A"
  },
  {
    "ioId": "18GWL8EEN7AM",
    "linkIdentifier": "35042662",
    "text": "Tresemme Rich Moisture Hydrating Shampoo with Pump, 39 oz",
    "href": "/ip/TRESemme-Moisture-Rich-Luxurious-Moisture-Shampoo-39-fl-oz/35042662?classType=VARIANT&athbdg=L1300&selectedSellerId=0",
    "currentPrice": "current price Now $7.48",
    "pricePerOz": "$8.94",
    "pickup": "Pickup today",
    "delivery": "Delivery today",
    "shipping": "Shipping, arrives tomorrow"
  },
  {
    "ioId": "797ZE3OQ2NT2",
    "linkIdentifier": "192124913",
    "text": "Hefty Slider Kitchen Storage Bags, Gallon Size, 60 Count",
    "href": "/ip/Hefty-Slider-Storage-Bags-Gallon-Size-60-Count/192124913?classType=VARIANT&selectedSellerId=0",
    "currentPrice": "current price $7.52",
    "pricePerOz": "12.5 ¢/count",
    "pickup": "Pickup at a nearby store",
    "delivery": "Shipping, arrives tomorrow",
    "shipping": "N/A"
  },
  {
    "ioId": "1WI933VN6I8E",
    "linkIdentifier": "245951085",
    "text": "Pit Boss 100% All-Natural Hardwood Mesquite BBQ Grilling Pellets, 20 Pound Bag",
    "href": "/ip/Pitboss-Pit-Boss-20lb-Mesquite-Wood-Pellets/245951085?classType=REGULAR&selectedSellerId=0",
    "currentPrice": "current price Now $8.97",
    "pricePerOz": "$17.99",
    "pickup": "Pickup today",
    "delivery": "Delivery today",
    "shipping": "N/A"
  },
  {
    "ioId": "5UVLJWWHG9AB",
    "linkIdentifier": "535430200",
    "text": "Parodontax Teeth Whitening Toothpaste for Bleeding Gums, 3.4 Oz, 2 Pack, Unflavored, for Adults",
    "href": "/ip/Parodontax-Teeth-Whitening-Toothpaste-for-Bleeding-Gums-3-4-oz-2-Pack-Unflavored-for-Adults/535430200?classType=REGULAR&selectedSellerId=0",
    "currentPrice": "current price $12.48",
    "pricePerOz": "$1.84/oz",
    "pickup": "Pickup today",
    "delivery": "Delivery today",
    "shipping": "Shipping, arrives tomorrow"
  },
  {
    "ioId": "5XVF2A96MZPC",
    "linkIdentifier": "49024914",
    "text": "Slow Fe Iron Supplement for Iron Deficiency Slow Release Tablets, 45 Mg, 30 Ct",
    "href": "/ip/Slow-Fe-Iron-Supplement-for-Iron-Deficiency-Slow-Release-Tablets-45-mg-30-Ct/49024914?classType=REGULAR&selectedSellerId=0",
    "currentPrice": "current price $9.42",
    "pricePerOz": "31.4 ¢/count",
    "pickup": "Pickup today",
    "delivery": "Delivery today",
    "shipping": "Shipping, arrives tomorrow"
  },
  {
    "ioId": "3B7RB1414M1X",
    "linkIdentifier": "10813616",
    "text": "Speed Stick Men's Antiperspirant Deodorant, Power Fresh, 3 oz",
    "href": "/ip/Speed-Stick-Power-Fresh-Anti-Perspirant-Deodorant-3-oz/10813616?classType=REGULAR&selectedSellerId=0",
    "currentPrice": "current price $2.47",
    "pricePerOz": "82.3 ¢/oz",
    "pickup": "Pickup today",
    "delivery": "Delivery today",
    "shipping": "N/A"
  },
  {
    "ioId": "4LMW6LFF2NJP",
    "linkIdentifier": "752022136",
    "text": "Colgate Optic White Advanced Hydrogen Peroxide Whitening Toothpaste, Mint, 3.2 oz, 3 Pack",
    "href": "/ip/Colgate-Optic-White-Advanced-Hydrogen-Peroxide-Toothpaste-Sparkling-White-3-Pack-3-2-oz/752022136?classType=VARIANT&selectedSellerId=0",
    "currentPrice": "current price $12.96",
    "pricePerOz": "$1.35/oz",
    "pickup": "Pickup at a nearby store",
    "delivery": "Shipping, arrives tomorrow",
    "shipping": "N/A"
  },
  {
    "ioId": "49VNOS5MI9YF",
    "linkIdentifier": "21002458",
    "text": "Tom's of Maine Wicked Fresh! Alcohol-Free Natural Mouthwash, Cool Mountain Mint, 16 oz.",
    "href": "/ip/Tom-s-of-Maine-Cool-Mountain-Mint-Mouthwash-16-fl-oz/21002458?classType=REGULAR&selectedSellerId=0",
    "currentPrice": "current price $5.12",
    "pricePerOz": "32.0 ¢/fl oz",
    "pickup": "Pickup today",
    "delivery": "Delivery today",
    "shipping": "N/A"
  },
  {
    "ioId": "0TGK6ARI2X06",
    "linkIdentifier": "12166696",
    "text": "Suave Skin Solutions Body Lotion Advanced Therapy 32 oz",
    "href": "/ip/Suave-Skin-Solutions-Advance-Therapy-Body-Lotion-with-Rich-Hydrators-32-fl-oz/12166696?classType=VARIANT&selectedSellerId=0",
    "currentPrice": "current price $4.47",
    "pricePerOz": "14.0 ¢/fl oz",
    "pickup": "Pickup today",
    "delivery": "Delivery today",
    "shipping": "N/A"
  },
  {
    "ioId": "5IAT1NS85IZO",
    "linkIdentifier": "10805083",
    "text": "Neutrogena Acne-Fighting Facial Toner with 2% Salicylic Acid, 8 fl. oz",
    "href": "/ip/Neutrogena-Triple-Action-Toner-Oil-Free-Acne-Stress-Control-8-fl-oz/10805083?classType=REGULAR&selectedSellerId=0",
    "currentPrice": "current price $9.77",
    "pricePerOz": "$1.22/fl oz",
    "pickup": "Pickup at a nearby store",
    "delivery": "Shipping, arrives tomorrow",
    "shipping": "N/A"
  },
  {
    "ioId": "5MV1F0BI4NXC",
    "linkIdentifier": "356186044",
    "text": "Sally Hansen Complete Treatment Cuticle Remover, Nail Treatment",
    "href": "/ip/Sally-Hansen-Nail-Treatment/356186044?classType=VARIANT&selectedSellerId=0",
    "currentPrice": "current price $4.97",
    "pricePerOz": "$4.97/fl oz",
    "pickup": "Pickup today",
    "delivery": "Delivery today",
    "shipping": "Shipping, arrives tomorrow"
  },
  {
    "ioId": "58PD22G39Q75",
    "linkIdentifier": "43826361",
    "text": "U by Kotex Balance Wrapped Panty Liners, Regular Length, 40 Count",
    "href": "/ip/U-by-Kotex-Curves-Regular-Liners-40-count/43826361?classType=REGULAR&selectedSellerId=0",
    "currentPrice": "current price $3.64",
    "pricePerOz": "9.1 ¢/count",
    "pickup": "Pickup today",
    "delivery": "Delivery today",
    "shipping": "N/A"
  },
  {
    "ioId": "3KUNN3LANLGW",
    "linkIdentifier": "10804499",
    "text": "Dove Women's Antiperspirant & Deodorant Powder 2.6 oz",
    "href": "/ip/Dove-Women-s-Antiperspirant-Deodorant-Powder-2-6-oz/10804499?classType=VARIANT&selectedSellerId=0",
    "currentPrice": "current price $3.98",
    "pricePerOz": "$1.24/oz",
    "pickup": "Pickup today",
    "delivery": "Delivery today",
    "shipping": "N/A"
  },
  {
    "ioId": "519QCQGA7KU8",
    "linkIdentifier": "493843079",
    "text": "Viactiv Calcium Supplement Soft Chews, Caramel (100CT) Vitamin D & K",
    "href": "/ip/Viactiv-Calcium-Vitamin-D3-Supplement-Soft-Chews-Caramel-100-Chews-Calcium-for-Bone-Health/493843079?classType=REGULAR&selectedSellerId=0",
    "currentPrice": "current price $10.98",
    "pricePerOz": "11.0 ¢/count",
    "pickup": "Pickup today",
    "delivery": "Delivery today",
    "shipping": "Shipping, arrives tomorrow"
  },
  {
    "ioId": "1XCBWT94MI43",
    "linkIdentifier": "114803512",
    "text": "Method Men 2-in-1 Shampoo + Condtioner, Sea + Surf, 14 oz.",
    "href": "/ip/Method-Men-2-in-1-Shampoo-Condtioner-Sea-Surf-14-oz/114803512?classType=REGULAR&athbdg=L1300&selectedSellerId=0",
    "currentPrice": "current price Now $9.88",
    "pricePerOz": "$10.98",
    "pickup": "Pickup today",
    "delivery": "Delivery today",
    "shipping": "Shipping, arrives tomorrow"
  },
  {
    "ioId": "2QXAQLMC77HE",
    "linkIdentifier": "254582244",
    "text": "U by Kotex Clean & Secure Ultra Thin Pads with Wings, Heavy Absorbency, 32 Count",
    "href": "/ip/U-by-Kotex-Clean-Secure-Ultra-Thin-Pads-with-Wings-Heavy-Absorbency-32-Count/254582244?classType=VARIANT&selectedSellerId=0",
    "currentPrice": "current price $5.84",
    "pricePerOz": "18.3 ¢/ea",
    "pickup": "Pickup today",
    "delivery": "Delivery today",
    "shipping": "N/A"
  },
  {
    "ioId": "7C4MTJKGQ89U",
    "linkIdentifier": "22127250",
    "text": "AXE Antiperspirant Deodorant Stick for Men Apollo 2.7 oz",
    "href": "/ip/Axe-Apollo-Long-Lasting-Men-s-Antiperspirant-Deodorant-Stick-Sage-and-Cedarwood-2-7-oz/22127250?classType=VARIANT&selectedSellerId=0",
    "currentPrice": "current price $4.97",
    "pricePerOz": "$1.84/oz",
    "pickup": "Pickup today",
    "delivery": "Delivery today",
    "shipping": "N/A"
  },
  {
    "ioId": "4LILBQY6MKC6",
    "linkIdentifier": "831617761",
    "text": "Equate Multivitamin Gummies for Immune Support, Mixed Berry Orange and Peach, 150 Count",
    "href": "/ip/Equate-Multivitamin-Gummies-for-Immune-Support-Mixed-Berry-Orange-and-Peach-150-Count/831617761?classType=REGULAR&selectedSellerId=0",
    "currentPrice": "current price $9.32",
    "pricePerOz": "6.2 ¢/count",
    "pickup": "Pickup today",
    "delivery": "Delivery today",
    "shipping": "Shipping, arrives tomorrow"
  },
  {
    "ioId": "1THS4J2D7S35",
    "linkIdentifier": "22288718",
    "text": "vitafusion MultiVites Gummy Multivitamins for Adults, Berry, Peach and Orange Flavored, 150 Count",
    "href": "/ip/Vitafusion-MultiVites-Gummy-Vitamins-150-count/22288718?classType=REGULAR&selectedSellerId=0",
    "currentPrice": "current price $10.98",
    "pricePerOz": "7.3 ¢/ea",
    "pickup": "Pickup today",
    "delivery": "Delivery today",
    "shipping": "Shipping, arrives tomorrow"
  },
  {
    "ioId": "0YCEAEOXWKXU",
    "linkIdentifier": "121469680",
    "text": "Mainstays Bamboo Cutting Board, 12.4 x 17.7in, 100% Natural Bamboo",
    "href": "/ip/Mainstays-Bamboo-Cutting-Board/121469680?classType=REGULAR&selectedSellerId=0",
    "currentPrice": "current price $10.88",
    "pricePerOz": "N/A",
    "pickup": "Pickup today",
    "delivery": "Delivery today",
    "shipping": "Shipping, arrives tomorrow"
  },
  {
    "ioId": "1DTHOE9XD2NK",
    "linkIdentifier": "10317748",
    "text": "AZO Urinary Tract Infection (UTI) At-Home Test Strips, Clinically Tested, Clean Grip Handle, 3 Count",
    "href": "/ip/AZO-Urinary-Tract-Infection-Test-Strips-3ct/10317748?classType=REGULAR&selectedSellerId=0",
    "currentPrice": "current price $11.97",
    "pricePerOz": "$3.99/count",
    "pickup": "Pickup today",
    "delivery": "Delivery today",
    "shipping": "Shipping, arrives tomorrow"
  },
  {
    "ioId": "18UQDIR6SHFK",
    "linkIdentifier": "505176847",
    "text": "Tree Hut Moroccan Rose Moisturizing Shave Oil, 7.7oz",
    "href": "/ip/Tree-Hut-Moroccan-Rose-Moisturizing-Shave-Oil-7-7oz/505176847?classType=VARIANT&selectedSellerId=0",
    "currentPrice": "current price Now $9.96",
    "pricePerOz": "$12.99",
    "pickup": "Pickup today",
    "delivery": "Shipping, arrives tomorrow",
    "shipping": "N/A"
  },
  {
    "ioId": "1IQG0XFCYA02",
    "linkIdentifier": "10321911",
    "text": "Fixodent Complete Original Denture Adhesive Cream, 2.4 oz",
    "href": "/ip/Fixodent-Original/10321911?classType=VARIANT&selectedSellerId=0",
    "currentPrice": "current price $5.74",
    "pricePerOz": "$2.39/oz",
    "pickup": "Pickup today",
    "delivery": "Delivery today",
    "shipping": "Shipping, arrives tomorrow"
  },
  {
    "ioId": "557VAYDBZDQ9",
    "linkIdentifier": "10309499",
    "text": "Neutrogena Age Shield Face Oil-Free Sunscreen, SPF 70 Sunblock, 3 fl oz",
    "href": "/ip/Neutrogena-Age-Shield-Sunblock-Face-Lotion-SPF-70-3-fl-oz/10309499?classType=REGULAR&selectedSellerId=0",
    "currentPrice": "current price $10.68",
    "pricePerOz": "$3.56/fl oz",
    "pickup": "Pickup today",
    "delivery": "Delivery today",
    "shipping": "Shipping, arrives tomorrow"
  },
  {
    "ioId": "59J08RRIJTJM",
    "linkIdentifier": "10318534",
    "text": "COVERGIRL Lash Blast Volume Mascara 805 Black, 0.44 oz, Mascara, Black Mascara, Mascara for Volume, Volume Mascara, Full Lashes, Hypoallergenic Mascara",
    "href": "/ip/COVERGIRL-LashBlast-Volume-Blasting-Mascara/10318534?classType=VARIANT&selectedSellerId=0",
    "currentPrice": "current price $9.44",
    "pricePerOz": "$21.46/fl oz",
    "pickup": "Pickup today",
    "delivery": "Delivery today",
    "shipping": "Shipping, arrives tomorrow"
  },
  {
    "ioId": "1EAORNJP24Q6",
    "linkIdentifier": "10314205",
    "text": "L'Oreal Paris True Match Super-Blendable Oil Free Makeup Powder, W3 Light Medium, 0.33 oz",
    "href": "/ip/True-Match-Nude-Beige-Powder/10314205?classType=VARIANT&athbdg=L1300&selectedSellerId=0",
    "currentPrice": "current price Now $8.72",
    "pricePerOz": "$9.98",
    "pickup": "Pickup today",
    "delivery": "Delivery today",
    "shipping": "Shipping, arrives tomorrow"
  },
  {
    "ioId": "7K0ZMTVT8GCL",
    "linkIdentifier": "888143",
    "text": "Olay Facial Lotion, Active Hydrating Beauty Facial Moisturizing Lotion, 6 fl oz",
    "href": "/ip/Olay-Skincare-Active-Hydrating-Beauty-Facial-Moisturizing-Lotion-All-Skin-Types-6-fl-oz/888143?classType=VARIANT&athbdg=L1600&selectedSellerId=0",
    "currentPrice": "current price $10.94",
    "pricePerOz": "$1.82/fl oz",
    "pickup": "Pickup today",
    "delivery": "Delivery today",
    "shipping": "Shipping, arrives tomorrow"
  },
  {
    "ioId": "6KFD504Y1WV6",
    "linkIdentifier": "811296304",
    "text": "VIZIO TV Remote (Universal) - XRT140",
    "href": "/ip/VIZIO-TV-Remote-Universal-XRT140/811296304?classType=VARIANT&athbdg=L1600&selectedSellerId=0",
    "currentPrice": "current price Now $10.84",
    "pricePerOz": "$15.97",
    "pickup": "Pickup today",
    "delivery": "Delivery today",
    "shipping": "Shipping, arrives tomorrow"
  },
  {
    "ioId": "7L4JUTKTM12O",
    "linkIdentifier": "11965290",
    "text": "Gillette Mach 3 Sensitive Men 3 Blade Disposable Razor,3 count",
    "href": "/ip/Gillette-MACH3-Disposables-Sensitive-3ct/11965290?classType=VARIANT&athbdg=L1600&selectedSellerId=0",
    "currentPrice": "current price $7.28",
    "pricePerOz": "$2.43/count",
    "pickup": "Pickup today",
    "delivery": "Delivery today",
    "shipping": "Shipping, arrives tomorrow"
  },
  {
    "ioId": "3SAKM3CS9FZT",
    "linkIdentifier": "833200251",
    "text": "CeraVe Hydrating Mineral Sunscreen, Sheer Tint Face Sunscreen with SPF 30, All Skin Types 1.7 fl oz",
    "href": "/ip/CeraVe-Hydrating-Mineral-Sunscreen-Sheer-Tint-Face-Sunscreen-with-SPF-30-All-Skin-Types-1-7-fl-oz/833200251?classType=VARIANT&athbdg=L1600&selectedSellerId=0",
    "currentPrice": "current price $14.67",
    "pricePerOz": "$8.63/fl oz",
    "pickup": "Pickup today",
    "delivery": "Delivery today",
    "shipping": "Shipping, arrives tomorrow"
  },
  {
    "ioId": "390ANSNMVFI9",
    "linkIdentifier": "942905215",
    "text": "CeraVe AM Lotion Face Moisturizer with SPF 30, Normal to Oily Skin Sun Protection, 2 fl oz",
    "href": "/ip/CeraVe-AM-Lotion-Face-Moisturizer-with-SPF-30-Normal-to-Oily-Skin-Sun-Protection-2-fl-oz/942905215?classType=VARIANT&athbdg=L1600&selectedSellerId=0",
    "currentPrice": "current price $13.28",
    "pricePerOz": "$4.43/fl oz",
    "pickup": "Pickup today",
    "delivery": "Delivery today",
    "shipping": "Shipping, arrives tomorrow"
  },
  {
    "ioId": "78FAJ1UCS1QG",
    "linkIdentifier": "10317924",
    "text": "Just For Men Shampoo-In Haircolor, Gray Men's Hair Color - H-45 Dark Brown",
    "href": "/ip/Just-For-Men-Shampoo-45-Dark-Medium-Brown/10317924?classType=VARIANT&athbdg=L1600&selectedSellerId=0",
    "currentPrice": "current price $8.97",
    "pricePerOz": "$6.90/fl oz",
    "pickup": "Pickup today",
    "delivery": "Delivery today",
    "shipping": "Shipping, arrives tomorrow"
  },
  {
    "ioId": "38J1C02CN3PE",
    "linkIdentifier": "835944924",
    "text": "Hanes Men's Value Pack White Briefs, 6 Pack",
    "href": "/ip/Hanes-Men-s-Value-Pack-White-Briefs-6-Pack/835944924?classType=VARIANT&athbdg=L1600&selectedSellerId=0",
    "currentPrice": "current price $10.98",
    "pricePerOz": "$1.83/ea",
    "pickup": "Pickup today",
    "delivery": "Delivery today",
    "shipping": "Shipping, arrives tomorrow"
  },
  {
    "ioId": "2AZ8DKEV2ZS1",
    "linkIdentifier": "705466354",
    "text": "AND1 Men's Cushion No Show Socks, 12 Pack",
    "href": "/ip/AND1-Men-s-Cushion-No-Show-Socks-12-Pack/705466354?classType=VARIANT&selectedSellerId=0",
    "currentPrice": "current price $12.48",
    "pricePerOz": "$1.04/ea",
    "pickup": "Pickup today",
    "delivery": "Delivery today",
    "shipping": "Shipping, arrives tomorrow"
  },
  {
    "ioId": "61TMBMZ0ZD4Z",
    "linkIdentifier": "525771648",
    "text": "Spring Valley Turmeric Curcumin with Ginger Powder Dietary Supplement, 500 mg, 180 Count",
    "href": "/ip/Spring-Valley-Turmeric-Curcumin-with-Ginger-Powder-Dietary-Supplement-500-mg-180-Count/525771648?classType=REGULAR&selectedSellerId=0",
    "currentPrice": "current price $8.88",
    "pricePerOz": "4.9 ¢/count",
    "pickup": "Pickup today",
    "delivery": "Delivery today",
    "shipping": "Shipping, arrives tomorrow"
  },
  {
    "ioId": "3QG9UEAU3XID",
    "linkIdentifier": "35325230",
    "text": "Drano Max Clog Drain Remover Twin Pack 160 oz",
    "href": "/ip/Drano-Max-Gel-Clog-Remover-80-fl-oz-Pack-of-2/35325230?classType=VARIANT&athbdg=L1300&selectedSellerId=0",
    "currentPrice": "current price Now $15.27",
    "pricePerOz": "$16.97",
    "pickup": "Pickup at a nearby store",
    "delivery": "Shipping, arrives tomorrow",
    "shipping": "N/A"
  },
  {
    "ioId": "2OZGWTHC1IZ6",
    "linkIdentifier": "17034305",
    "text": "Airborne 1000mg Vitamin C Immune Support Multivitamin Effervescent Tablets, Citrus Flavor, 32 ct",
    "href": "/ip/Airborne-Blast-Of-Vitamin-C-Citrus-Chewable-Immune-Supplement-32ct/17034305?classType=VARIANT&selectedSellerId=0",
    "currentPrice": "current price $8.37",
    "pricePerOz": "26.2 ¢/count",
    "pickup": "Pickup today",
    "delivery": "Delivery today",
    "shipping": "N/A"
  },
  {
    "ioId": "4UFILIWJYRNC",
    "linkIdentifier": "1411470765",
    "text": "DampRid Hi-Capacity Moisture Absorber – Fragrance Free – 2LB 15.5OZ",
    "href": "/ip/DampRid-Hi-Capacity-Moisture-Absorber-Fragrance-Free-2LB-15-5OZ/1411470765?classType=VARIANT&selectedSellerId=0",
    "currentPrice": "current price Now $12.97",
    "pricePerOz": "$29.00",
    "pickup": "Pickup today",
    "delivery": "Delivery today",
    "shipping": "Shipping, arrives tomorrow"
  },
  {
    "ioId": "28WSO5SXG6EW",
    "linkIdentifier": "33887306",
    "text": "Airplus Plantar Fascia Orthotic Insole, Women's Shoe Size 5-11, for Arch Support",
    "href": "/ip/Airplus-Plantar-Fascia-Orthotic-Insole-Women-s-Shoe-Size-5-11-for-Arch-Support/33887306?classType=REGULAR&selectedSellerId=0",
    "currentPrice": "current price Now $8.98",
    "pricePerOz": "$12.99",
    "pickup": "Pickup today",
    "delivery": "Delivery today",
    "shipping": "Shipping, arrives tomorrow"
  },
  {
    "ioId": "5V4XWI2AO2F5",
    "linkIdentifier": "167600048",
    "text": "Gold Bond Age Renew Crepe Corrector Hand Moisturizer, Body Lotion, and Face Cream for Tighter Skin, 14 oz",
    "href": "/ip/Gold-Bond-Age-Renew-Crepe-Corrector-Hand-Moisturizer-Body-Lotion-and-Face-Cream-for-Tighter-Skin-14-oz/167600048?classType=VARIANT&selectedSellerId=0",
    "currentPrice": "current price $16.97",
    "pricePerOz": "$1.21/oz",
    "pickup": "Pickup today",
    "delivery": "Delivery today",
    "shipping": "Shipping, arrives tomorrow"
  },
  {
    "ioId": "5JM47N0GXI82",
    "linkIdentifier": "20531382",
    "text": "EZ Start 1.88\" x 50 yd Clear Acrylic Packing Tape One-handed Dispenser",
    "href": "/ip/Duck-50-yd-EZStart-Package-Tape-with-Dispenser/20531382?classType=VARIANT&selectedSellerId=0",
    "currentPrice": "current price $5.12",
    "pricePerOz": "3.4 ¢/ft",
    "pickup": "Pickup today",
    "delivery": "Delivery today",
    "shipping": "Shipping, arrives tomorrow"
  },
  {
    "ioId": "6WCPD2XY8141",
    "linkIdentifier": "406182247",
    "text": "Cantu Sulfate-Free Hydrating Cream Conditioner, 25 fl oz",
    "href": "/ip/Cantu-Sulfate-Free-Hydrating-Cream-Conditioner-25-fl-oz/406182247?classType=VARIANT&selectedSellerId=0",
    "currentPrice": "current price Now $8.97",
    "pricePerOz": "$14.76",
    "pickup": "Shipping, arrives tomorrow",
    "delivery": "N/A",
    "shipping": "N/A"
  },
  {
    "ioId": "6OL91K2039B5",
    "linkIdentifier": "198112243",
    "text": "Trudeau Silicone 24 Count Mini Muffin Pan, Multi-Color Confetti, Dishwasher Safe",
    "href": "/ip/Trudeau-Silicone-24-Count-Mini-Muffin-Pan-Multi-Color-Confetti-Dishwasher-Safe/198112243?classType=REGULAR&selectedSellerId=0",
    "currentPrice": "current price $13.37",
    "pricePerOz": "N/A",
    "pickup": "Pickup today",
    "delivery": "Delivery today",
    "shipping": "Shipping, arrives tomorrow"
  },
  {
    "ioId": "71L51ZBQNPT1",
    "linkIdentifier": "49660462",
    "text": "Home Logic 1.8 Bushel Hip Grip Plastic Laundry Basket, Teal, Adult / Tween",
    "href": "/ip/Home-Logic-1-8-Bushel-Hip-Grip-Plastic-Laundry-Basket-Teal-Adult-Tween/49660462?classType=VARIANT&selectedSellerId=0",
    "currentPrice": "current price $9.98",
    "pricePerOz": "N/A",
    "pickup": "Pickup today",
    "delivery": "Delivery today",
    "shipping": "N/A"
  },
  {
    "ioId": "5N0DPFTDGS3M",
    "linkIdentifier": "372935850",
    "text": "Kaytee Forti-Diet Clean Comfort Bedding, Extreme Odor Control Small Animal Bedding, 24.6L",
    "href": "/ip/Kaytee-Forti-Diet-Clean-Comfort-Bedding-Extreme-Odor-Control-Small-Animal-Bedding-24-6L/372935850?classType=VARIANT&selectedSellerId=0",
    "currentPrice": "current price $11.88",
    "pricePerOz": "1.4 ¢/oz",
    "pickup": "Pickup today",
    "delivery": "Delivery today",
    "shipping": "Shipping, arrives tomorrow"
  },
  {
    "ioId": "3R2OW0U5WZQV",
    "linkIdentifier": "1559727389",
    "text": "Vibrant Life Extra Large Open Cat Litter Box",
    "href": "/ip/Vibrant-Life-Extra-Large-Open-Cat-Litter-Box/1559727389?classType=REGULAR&selectedSellerId=0",
    "currentPrice": "current price $10.48",
    "pricePerOz": "N/A",
    "pickup": "Pickup today",
    "delivery": "Delivery today",
    "shipping": "Shipping, arrives tomorrow"
  },
  {
    "ioId": "0V7Z0ADYG1ZS",
    "linkIdentifier": "751722406",
    "text": "Downy Infusions Liquid Laundry Fabric Softener, Calm, Lavender & Vanilla Bean Scent, 150 Loads, 101 fl oz",
    "href": "/ip/Downy-Infusions-Liquid-Fabric-Softener-Calm-Lavender-Vanilla-Bean-101-fl-oz/751722406?classType=VARIANT&selectedSellerId=0",
    "currentPrice": "current price $12.97",
    "pricePerOz": "12.8 ¢/oz",
    "pickup": "Pickup at a nearby store",
    "delivery": "Shipping, arrives tomorrow",
    "shipping": "N/A"
  },
  {
    "ioId": "6EHFGXOELTMV",
    "linkIdentifier": "22211183",
    "text": "NeilMed SinuFlo Ready Rinse Premixed Nasal Wash Solution, 8 oz, 1 Piece",
    "href": "/ip/NeilMed-SinuFlo-Ready-Rinse-Premixed-Nasal-Wash-Solution/22211183?classType=REGULAR&selectedSellerId=0",
    "currentPrice": "current price $10.98",
    "pricePerOz": "N/A",
    "pickup": "Pickup today",
    "delivery": "Delivery today",
    "shipping": "Shipping, arrives tomorrow"
  },
  {
    "ioId": "4YC741TRPSWW",
    "linkIdentifier": "236422851",
    "text": "Contigo Huron 2.0 Stainless Steel Travel Mug with SNAPSEAL Lid Licorice, 16 fl oz.",
    "href": "/ip/Contigo-Huron-2-0-Stainless-Steel-Travel-Mug-with-SNAPSEAL-Lid-in-Black-16-fl-oz/236422851?classType=VARIANT&selectedSellerId=0",
    "currentPrice": "current price $10.98",
    "pricePerOz": "N/A",
    "pickup": "Pickup today",
    "delivery": "Delivery today",
    "shipping": "Shipping, arrives tomorrow"
  },
  {
    "ioId": "32TFQC3B9YTL",
    "linkIdentifier": "220817539",
    "text": "Back to the Roots Potting Mix, 6 Qt",
    "href": "/ip/Back-to-the-Roots-Organic-Potting-Mix-All-Purpose-Specialty-Blend-Soil-6-Qt/220817539?classType=VARIANT&selectedSellerId=0",
    "currentPrice": "current price $6.96",
    "pricePerOz": "$1.16/qt",
    "pickup": "Pickup today",
    "delivery": "Delivery today",
    "shipping": "N/A"
  },
  {
    "ioId": "1Y2HZWM4U6AY",
    "linkIdentifier": "14906266",
    "text": "Expo Low Odor Dry Erase Marker, Fine Tip, Assorted Colors, 4 Count",
    "href": "/ip/Expo-Low-Odor-Dry-Erase-Markers-Assorted-Colors-4-Pack/14906266?classType=VARIANT&selectedSellerId=0",
    "currentPrice": "current price $5.08",
    "pricePerOz": "$1.27/ea",
    "pickup": "Pickup today",
    "delivery": "Delivery today",
    "shipping": "Shipping, arrives tomorrow"
  },
  {
    "ioId": "6RSTS7R14U74",
    "linkIdentifier": "14765961189",
    "text": "(2 pack) FM Brown Extreme Spray Millet Treat 16 oz.",
    "href": "/ip/FM-Brown-Extreme-Spray-Millet-Treat-16-oz/14765961189?classType=VARIANT&selectedSellerId=0",
    "currentPrice": "current price $19.32",
    "pricePerOz": "60.4 ¢/oz",
    "pickup": "Pickup today",
    "delivery": "Delivery today",
    "shipping": "Shipping, arrives tomorrow"
  },
  {
    "ioId": "469HIN5G73YE",
    "linkIdentifier": "10309235",
    "text": "Wet Ones Sensitive Skin Hand Wipes, Fragrance Free, Unscented, 40 Ct Canister, Hypoallergenic",
    "href": "/ip/Wet-Ones-Sensitive-Skin-Extra-Gentle-Canisters-40-ct/10309235?classType=VARIANT&selectedSellerId=0",
    "currentPrice": "current price $3.28",
    "pricePerOz": "$8.20/100 ct",
    "pickup": "Pickup today",
    "delivery": "Delivery today",
    "shipping": "N/A"
  },
  {
    "ioId": "6JVW44KACF7L",
    "linkIdentifier": "419737414",
    "text": "Genuine Dickies Men's Casual Black Leather Work Belt with Roller Buckle (Regular and Big & Tall Sizes)",
    "href": "/ip/Genuine-Dickies-Men-s-Casual-Black-Leather-Work-Belt-with-Roller-Buckle-Regular-and-Big-Tall-Sizes/419737414?classType=VARIANT&selectedSellerId=0",
    "currentPrice": "current price $14.00",
    "pricePerOz": "N/A",
    "pickup": "Pickup today",
    "delivery": "Delivery today",
    "shipping": "Shipping, arrives tomorrow"
  },
  {
    "ioId": "5CN295ZB4V60",
    "linkIdentifier": "48319862",
    "text": "SheaMoisture Coconut Hibiscus Conditioner Curl Shine Silicone, 13oz",
    "href": "/ip/SheaMoisture-Coconut-and-Hibiscus-Curl-and-Shine-Conditioner-to-Restore-and-Smooth-Dry-Hair-for-Thick-Curly-Hair-13-oz/48319862?classType=VARIANT&athbdg=L1300&selectedSellerId=0",
    "currentPrice": "current price Now $8.96",
    "pricePerOz": "$11.52",
    "pickup": "Pickup today",
    "delivery": "Delivery today",
    "shipping": "Shipping, arrives tomorrow"
  },
  {
    "ioId": "516EB9BIUU4M",
    "linkIdentifier": "692147772",
    "text": "Blackstone Griddle Seasoning and Cast Iron Conditioner - 6.5 oz",
    "href": "/ip/Blackstone-Griddle-Seasoning-and-Cast-Iron-Conditioner-1-Piece/692147772?classType=VARIANT&selectedSellerId=0",
    "currentPrice": "current price $9.97",
    "pricePerOz": "$1.53/oz",
    "pickup": "Pickup today",
    "delivery": "Delivery today",
    "shipping": "Shipping, arrives tomorrow"
  },
  {
    "ioId": "3ZKPKSA7BWWX",
    "linkIdentifier": "10317903",
    "text": "Vagisil Daily Intimate Deodorant Powder, with Odor Block Protection, Talc-Free, 8 oz",
    "href": "/ip/Vagisil-Talc-Free-Deodorant-Powder-With-Odor-Blocking-Protection-7-oz/10317903?classType=VARIANT&selectedSellerId=0",
    "currentPrice": "current price $3.64",
    "pricePerOz": "45.5 ¢/oz",
    "pickup": "Pickup today",
    "delivery": "Delivery today",
    "shipping": "N/A"
  },
  {
    "ioId": "6E01KLE4LY03",
    "linkIdentifier": "22626818",
    "text": "Mainstays Pant & Skirt Hanger, 2 Pack, Crystal Clear Plastic, Swivel Neck, for All Ages",
    "href": "/ip/Mainstays-Pant-Skirt-Hanger-2-Pack-Crystal-Clear-Plastic-Swivel-Neck-for-All-Ages/22626818?classType=VARIANT&selectedSellerId=0",
    "currentPrice": "current price $2.98",
    "pricePerOz": "$1.49/ea",
    "pickup": "Pickup today",
    "delivery": "Delivery today",
    "shipping": "N/A"
  },
  {
    "ioId": "1IIUHQG7I4RT",
    "linkIdentifier": "11027245",
    "text": "Resolve Upholstery Cleaner & Stain Remover, 22oz, Spray, Multi-Fabric Cleaner, Laundry Stain Remover",
    "href": "/ip/Resolve-Upholstery-Cleaner-Stain-Remover-22oz-Spray-Multi-Fabric-Cleaner-Laundry-Stain-Remover/11027245?classType=VARIANT&selectedSellerId=0",
    "currentPrice": "current price Now $4.97",
    "pricePerOz": "$11.83",
    "pickup": "Pickup at a nearby store",
    "delivery": "Shipping, arrives tomorrow",
    "shipping": "N/A"
  },
  {
    "ioId": "3YQVZXQHW7KH",
    "linkIdentifier": "752254949",
    "text": "Vagisil Healthy Detox Daily Intimate Vaginal Feminine Wash, 12 oz, 1 Pack",
    "href": "/ip/Vagisil-Healthy-Detox-Daily-Intimate-Vaginal-Feminine-Wash-12-oz-1-Pack/752254949?classType=VARIANT&selectedSellerId=0",
    "currentPrice": "current price $6.24",
    "pricePerOz": "52.0 ¢/fl oz",
    "pickup": "Pickup today",
    "delivery": "Delivery today",
    "shipping": "N/A"
  },
  {
    "ioId": "27NYA1MMR0GL",
    "linkIdentifier": "44364957",
    "text": "Anchor Hocking 8\" x 8\" Glass Cake Pan",
    "href": "/ip/Anchor-Hocking-Company-8-x-8-2-Quart-Clear-Essentials-Baking-Dish/44364957?classType=REGULAR&selectedSellerId=0",
    "currentPrice": "current price $5.18",
    "pricePerOz": "N/A",
    "pickup": "Pickup today",
    "delivery": "Delivery today",
    "shipping": "N/A"
  },
  {
    "ioId": "5H1PDC8AXTND",
    "linkIdentifier": "681651125",
    "text": "Joyspun Women's High Waist Shaping Tights, 2-Pack, Sizes S to 3XL",
    "href": "/ip/Joyspun-Women-s-High-Waist-Shaping-Tights-2-Pack-Sizes-S-to-3XL/681651125?classType=VARIANT&selectedSellerId=0",
    "currentPrice": "current price $9.97",
    "pricePerOz": "N/A",
    "pickup": "Pickup today",
    "delivery": "Delivery today",
    "shipping": "Shipping, arrives tomorrow"
  },
  {
    "ioId": "5YXMK9MACJUU",
    "linkIdentifier": "167020796",
    "text": "Wrangler Boy's Straight Fit Jean, Sizes 4 -16 Slim, Regular & Husky",
    "href": "/ip/Wrangler-Boys-Straight-Fit-Denim-Jeans-Sizes-4-18-Regular-Slim-Husky/167020796?classType=VARIANT&selectedSellerId=0",
    "currentPrice": "current price $15.98",
    "pricePerOz": "N/A",
    "pickup": "Pickup today",
    "delivery": "Delivery today",
    "shipping": "Shipping, arrives tomorrow"
  },
  {
    "ioId": "2C0Y4J4TO92O",
    "linkIdentifier": "922423809",
    "text": "Arm & Hammer Dog Deodorizing Shampoo with Baking Soda, Kiwi Blossom Scent 20 oz",
    "href": "/ip/Arm-Hammer-Dog-Deodorizing-Shampoo-with-Baking-Soda-Kiwi-Blossom-Scent-20-oz/922423809?classType=VARIANT&selectedSellerId=0",
    "currentPrice": "current price $5.48",
    "pricePerOz": "27.4 ¢/fl oz",
    "pickup": "Pickup today",
    "delivery": "Delivery today",
    "shipping": "N/A"
  },
  {
    "ioId": "65UPNYNB00LC",
    "linkIdentifier": "688503010",
    "text": "Trojan Bareskin Raw Condoms, Thin Condoms, 10 Count Lubricated Condoms",
    "href": "/ip/Trojan-Bareskin-Raw-Condoms-Thin-Condoms-10-Count-Lubricated-Condoms/688503010?classType=VARIANT&selectedSellerId=0",
    "currentPrice": "current price $9.42",
    "pricePerOz": "94.2 ¢/ea",
    "pickup": "Pickup today",
    "delivery": "Delivery today",
    "shipping": "Shipping, arrives tomorrow"
  },
  {
    "ioId": "7BQTYW4ZYT41",
    "linkIdentifier": "773352306",
    "text": "Hanes Girls' Tagless Super Soft Cotton Hipsters, 14 pack, Sizes 6-16",
    "href": "/ip/Hanes-Girls-Tagless-Super-Soft-Cotton-Hipsters-14-pack-Sizes-6-16/773352306?classType=VARIANT&athbdg=L1600&selectedSellerId=0",
    "currentPrice": "current price $12.48",
    "pricePerOz": "89.1 ¢/ea",
    "pickup": "Pickup today",
    "delivery": "Delivery today",
    "shipping": "Shipping, arrives tomorrow"
  },
  {
    "ioId": "4LGI2LEMZPGK",
    "linkIdentifier": "713113232",
    "text": "Hanes Girls' Tagless Super Soft Cotton Brief Underwear, 14 pack, Sizes 4-16",
    "href": "/ip/Hanes-Girls-Tagless-Super-Soft-Cotton-Brief-Underwear-14-pack-Sizes-4-16/713113232?classType=VARIANT&athbdg=L1600&selectedSellerId=0",
    "currentPrice": "current price $12.48",
    "pricePerOz": "89.1 ¢/ea",
    "pickup": "Pickup today",
    "delivery": "Delivery today",
    "shipping": "Shipping, arrives tomorrow"
  },
  {
    "ioId": "0V9E9E59AN9Z",
    "linkIdentifier": "273544412",
    "text": "Hanes Women's Shape & Support Wirefree Bra",
    "href": "/ip/Hanes-Women-s-Shape-Support-Wirefree-Bra/273544412?classType=VARIANT&athbdg=L1600&selectedSellerId=0",
    "currentPrice": "current price $15.94",
    "pricePerOz": "N/A",
    "pickup": "Pickup today",
    "delivery": "Delivery today",
    "shipping": "Shipping, arrives tomorrow"
  },
  {
    "ioId": "1IBAZNOUPP89",
    "linkIdentifier": "14150018",
    "text": "Colgate Peroxyl Mouth Sore Rinse Wash, Mild Mint, 8.45 fl oz",
    "href": "/ip/Colgate-Peroxide-Antiseptic-Mild-Mint-Oral-Cleanser-Rinse-8-oz/14150018?classType=REGULAR&selectedSellerId=0",
    "currentPrice": "current price $6.96",
    "pricePerOz": "81.9 ¢/fl oz",
    "pickup": "Pickup at a nearby store",
    "delivery": "Shipping, arrives tomorrow",
    "shipping": "N/A"
  },
  {
    "ioId": "6ZFJ1822O3FO",
    "linkIdentifier": "186496630",
    "text": "OLLY Kids Immunity Gummy Supplement with Wellmune and Elderberry, Cherry Berry, 50 Ct",
    "href": "/ip/OLLY-Kids-Immunity-Gummy-Supplement-with-Wellmune-and-Elderberry-Cherry-Berry-50-Ct/186496630?classType=VARIANT&selectedSellerId=0",
    "currentPrice": "current price $12.88",
    "pricePerOz": "25.8 ¢/count",
    "pickup": "Pickup today",
    "delivery": "Delivery today",
    "shipping": "Shipping, arrives tomorrow"
  },
  {
    "ioId": "3YOWJ1C4QQZ8",
    "linkIdentifier": "966702448",
    "text": "Athletic Works Men's Low Cut Socks 12 Pack",
    "href": "/ip/Athletic-Works-Men-s-Low-Cut-Socks-12-Pack/966702448?classType=VARIANT&athbdg=L1600&selectedSellerId=0",
    "currentPrice": "current price Now $10.98",
    "pricePerOz": "$12.63",
    "pickup": "Pickup today",
    "delivery": "Delivery today",
    "shipping": "Shipping, arrives tomorrow"
  },
  {
    "ioId": "1D3GRZZCRQDG",
    "linkIdentifier": "26779793",
    "text": "PF Harris Boric Acid Indoor Roach Powder Killer with Applicator, 16 oz.",
    "href": "/ip/PF-Harris-Products-Group-Boric-Acid-Indoor-Roach-Killer-with-Applicator-16-oz/26779793?classType=REGULAR&athbdg=L1600&selectedSellerId=0",
    "currentPrice": "current price $6.67",
    "pricePerOz": "41.7 ¢/oz",
    "pickup": "Pickup today",
    "delivery": "Delivery today",
    "shipping": "Shipping, arrives tomorrow"
  },
  {
    "ioId": "1BJ2V0TE84OC",
    "linkIdentifier": "5116298132",
    "text": "Wonder Nation Boys Cotton Boxer Brief Underwear, 5-Pack, Sizes S-XL",
    "href": "/ip/Wonder-Nation-Boys-Boxer-Brief-Underwear-5-Pack-Sizes-S-XL/5116298132?classType=VARIANT&athbdg=L1600&selectedSellerId=0",
    "currentPrice": "current price $9.98",
    "pricePerOz": "$2.00/ea",
    "pickup": "Pickup today",
    "delivery": "Delivery today",
    "shipping": "Shipping, arrives tomorrow"
  },
  {
    "ioId": "4W092SG3F31K",
    "linkIdentifier": "45017583",
    "text": "Village Naturals Therapy Muscle Relief Foaming Epsom Bath Soak, 36 oz",
    "href": "/ip/Village-Naturals-Therapy-Aches-Pains-Muscle-Relief-Foaming-Bath-Soak-with-Epsom-Salt-36-oz/45017583?classType=VARIANT&athbdg=L1600&selectedSellerId=0",
    "currentPrice": "current price $5.53",
    "pricePerOz": "15.4 ¢/oz",
    "pickup": "Pickup today",
    "delivery": "Delivery today",
    "shipping": "Shipping, arrives tomorrow"
  },
  {
    "ioId": "6DYMCGNT91XD",
    "linkIdentifier": "51835200",
    "text": "Equate Nasal Allergy Spray, 24 Hour Relief, Non-Drowsy, 120 Sprays",
    "href": "/ip/Equate-Nasal-Allergy-Spray-24-Hour-Relief-Non-Drowsy-16-9-Fluid-ounce-US/51835200?classType=REGULAR&selectedSellerId=0",
    "currentPrice": "current price $13.88",
    "pricePerOz": "$24.35/fl oz",
    "pickup": "Pickup today",
    "delivery": "Delivery today",
    "shipping": "Shipping, arrives tomorrow"
  },
  {
    "ioId": "4T67Z8LLUS0K",
    "linkIdentifier": "791498167",
    "text": "Everpro Gray Away Instant Root Touch-up Spray, Black 2.5oz",
    "href": "/ip/Everpro-Gray-Away-Instant-Root-Touch-up-Spray-Black-2-5oz/791498167?classType=VARIANT&athbdg=L1600&selectedSellerId=0",
    "currentPrice": "current price $8.97",
    "pricePerOz": "$3.59/oz",
    "pickup": "Pickup today",
    "delivery": "Delivery today",
    "shipping": "Shipping, arrives tomorrow"
  },
  {
    "ioId": "3EKASVU8FWAW",
    "linkIdentifier": "745436793",
    "text": "Mainstays 48-84 in. Cedric Petite Café Adjustable Curtain Rod, 1/2 in. Diameter, Black",
    "href": "/ip/Mainstays-48-84-in-Cedric-Adjustable-Petite-Cafe-Curtain-Rod-1-2-in-Diameter-Black/745436793?classType=VARIANT&selectedSellerId=0",
    "currentPrice": "current price $11.53",
    "pricePerOz": "N/A",
    "pickup": "Pickup today",
    "delivery": "Delivery today",
    "shipping": "Shipping, arrives tomorrow"
  },
  {
    "ioId": "67PCBDI9UVNL",
    "linkIdentifier": "10324834",
    "text": "ORS Olive Oil Built-in Protection No-Lye Relaxer, Normal, for Fine to Medium Hair, 1 Application",
    "href": "/ip/ORS-Olive-Oil-Built-in-Protection-No-Lye-Relaxer-Normal-for-Fine-to-Medium-Hair-1-Application/10324834?classType=VARIANT&selectedSellerId=0",
    "currentPrice": "current price $7.76",
    "pricePerOz": "N/A",
    "pickup": "Pickup today",
    "delivery": "Delivery today",
    "shipping": "N/A"
  },
  {
    "ioId": "348LSGNBYEUG",
    "linkIdentifier": "849330119",
    "text": "Revlon ColorStay Liquid Foundation Makeup, Normal/Dry Skin, SPF 20, 295 Dune, 1 fl oz",
    "href": "/ip/Revlon-ColorStay-Liquid-Foundation-Makeup-Normal-Dry-Skin-SPF-20-295-Dune-1-fl-oz/849330119?classType=VARIANT&selectedSellerId=0",
    "currentPrice": "current price $12.48",
    "pricePerOz": "$12.48/fl oz",
    "pickup": "Pickup today",
    "delivery": "Delivery today",
    "shipping": "N/A"
  },
  {
    "ioId": "72USSQA47JHK",
    "linkIdentifier": "1352680970",
    "text": "Hanes Originals Women's Hipster Underwear, Breathable Cotton Stretch, 6-Pack",
    "href": "/ip/Hanes-Originals-Women-s-Hipster-Underwear-Breathable-Cotton-Stretch-6-Pack/1352680970?classType=VARIANT&athbdg=L1300&selectedSellerId=0",
    "currentPrice": "current price Now $12.74",
    "pricePerOz": "$16.98",
    "pickup": "Shipping, arrives tomorrow",
    "delivery": "N/A",
    "shipping": "N/A"
  },
  {
    "ioId": "3HRLCIYDL7TY",
    "linkIdentifier": "21128262",
    "text": "COVERGIRL Smoothers AquaSmooth Makeup Foundation, 710 Classic Ivory",
    "href": "/ip/COVERGIRL-Smoothers-AquaSmooth-Foundation-Compact-710-Classic-Ivory/21128262?classType=VARIANT&selectedSellerId=0",
    "currentPrice": "current price $9.88",
    "pricePerOz": "$24.70/oz",
    "pickup": "Pickup today",
    "delivery": "Delivery today",
    "shipping": "Shipping, arrives tomorrow"
  },
  {
    "ioId": "6W3P4P9ILGG8",
    "linkIdentifier": "655061068",
    "text": "Belkin BoostCharge Braided USB-C to USB-C Cable (5ft) for iPhone 16, 15, Galaxy S23, S22, Note10, Note9, Pixel 7, Pixel 6, iPad Pro, & More - Rose Gold",
    "href": "/ip/Belkin-BoostCharge-Braided-USB-C-Cable-5ft-iPhone-15-15-Pro-Pro-Max-Plus-Galaxy-S23-S22-Note10-Note9-Pixel-7-6-iPad-More-Rose-Gold/655061068?classType=VARIANT&selectedSellerId=0",
    "currentPrice": "current price $8.97",
    "pricePerOz": "N/A",
    "pickup": "Pickup today",
    "delivery": "Delivery today",
    "shipping": "Shipping, arrives tomorrow"
  },
  {
    "ioId": "18ARADZ7T059",
    "linkIdentifier": "1683614965",
    "text": "Mainstays 2 Tier Adjustable Chrome Garment Rack with Silver Metal and White Rod",
    "href": "/ip/Mainstays-2-Tier-Adjustable-Chrome-Garment-Rack-with-Silver-Metal-and-White-Rod/1683614965?classType=REGULAR&selectedSellerId=0",
    "currentPrice": "current price $17.97",
    "pricePerOz": "N/A",
    "pickup": "Pickup today",
    "delivery": "Delivery today",
    "shipping": "Shipping, arrives tomorrow"
  },
  {
    "ioId": "77DHY4H10XY8",
    "linkIdentifier": "14977428",
    "text": "BIC Xtra-Smooth Mechanical Pencils, 0.7mm Point, 10-Count Pack, Mechanical Pencils for School",
    "href": "/ip/BIC-Xtra-Smooth-Mechanical-Pencils-0-7mm-Point-10-Count-Pack-Mechanical-Pencils-for-School/14977428?classType=VARIANT&selectedSellerId=0",
    "currentPrice": "current price $2.74",
    "pricePerOz": "27.4 ¢/ea",
    "pickup": "Pickup today",
    "delivery": "Delivery today",
    "shipping": "Shipping, arrives tomorrow"
  },
  {
    "ioId": "25B5AKGW1WP2",
    "linkIdentifier": "320424995",
    "text": "Five Star Wirebound Notebook Plus Study App, 1 Subject, College Ruled, Black (820002A-WMT)",
    "href": "/ip/FIVE-STAR-BASEWIRE-Notebooks/320424995?classType=VARIANT&selectedSellerId=0",
    "currentPrice": "current price $3.47",
    "pricePerOz": "N/A",
    "pickup": "Pickup today",
    "delivery": "Delivery today",
    "shipping": "Shipping, arrives tomorrow"
  },
  {
    "ioId": "303NQ8YP6D6F",
    "linkIdentifier": "55505849",
    "text": "Mainstays 1\" Cordless Vinyl Light Filtering Blinds, 1-Piece, White, 35\" W x 64\" L",
    "href": "/ip/Mainstays-Cordless-1-Vinyl-Light-Filtering-Blinds-White-35-Width-x-64-Length/55505849?classType=VARIANT&selectedSellerId=0",
    "currentPrice": "current price $10.47",
    "pricePerOz": "N/A",
    "pickup": "Pickup today",
    "delivery": "Delivery today",
    "shipping": "Shipping, arrives tomorrow"
  },
  {
    "ioId": "13A1WUZK530L",
    "linkIdentifier": "46646416",
    "text": "Swiffer Duster Heavy Duty Starter Kit with 2 Refills",
    "href": "/ip/Swiffer-Duster-Heavy-Duty-Starter-Kit-with-2-Refills/46646416?classType=REGULAR&selectedSellerId=102619426",
    "currentPrice": "current price $7.99",
    "pricePerOz": "$4.00/count",
    "pickup": "Shipping, arrives in 3+ days",
    "delivery": "N/A",
    "shipping": "N/A"
  },
  {
    "ioId": "79P2MC4YV2A1",
    "linkIdentifier": "876265524",
    "text": "Boost Oxygen Supplemental Canned Oxygen BALANCE Pink Grapefruit Medium 5 Liter, 1 Pack, Model 604",
    "href": "/ip/Boost-Oxygen-Pink-Grapefruit-Medium-5-Liter/876265524?classType=VARIANT&selectedSellerId=101012563",
    "currentPrice": "current price $28.90",
    "pricePerOz": "N/A",
    "pickup": "Free shipping, arrives in 3+ days",
    "delivery": "N/A",
    "shipping": "N/A"
  },
  {
    "ioId": "4H2ACXG4VZKJ",
    "linkIdentifier": "5054385779",
    "text": "(3 pack) Sterilite Divided Ultra™ Caddy Plastic Adult, White",
    "href": "/ip/Sterilite-Divided-Ultra-Caddy-Plastic-White/5054385779?classType=VARIANT&selectedSellerId=0",
    "currentPrice": "current price $23.94",
    "pricePerOz": "$7.98/ea",
    "pickup": "Pickup at a nearby store",
    "delivery": "Shipping, arrives tomorrow",
    "shipping": "N/A"
  },
  {
    "ioId": "3OGLFOML28UP",
    "linkIdentifier": "10312380",
    "text": "Hartz UltraGuard Flea And Tick Collar For Cats And Kittens, 7 Months Protection, 1 Collar",
    "href": "/ip/Hartz-UltraGuard-Flea-and-Tick-Collar-for-Cats-Cats/10312380?classType=VARIANT&selectedSellerId=0",
    "currentPrice": "current price $3.28",
    "pricePerOz": "N/A",
    "pickup": "Pickup today",
    "delivery": "Delivery today",
    "shipping": "N/A"
  },
  {
    "ioId": "3274C79FQ2J6",
    "linkIdentifier": "3785156040",
    "text": "AND1 Little Girl & Big Girl High Top Basketball Sneakers",
    "href": "/ip/AND1-Little-Girl-Big-Girl-High-Top-Basketball-Sneakers/3785156040?classType=VARIANT&athbdg=L1400&selectedSellerId=0",
    "currentPrice": "current price Now $7.75",
    "pricePerOz": "$21.98",
    "pickup": "Shipping, arrives tomorrow",
    "delivery": "N/A",
    "shipping": "N/A"
  },
  {
    "ioId": "55HNER2RYSEV",
    "linkIdentifier": "16213250",
    "text": "Ball Canning Jar Lid, 2.4 oz Capacity, Steel, Silver Cap and Lid, 12 Count",
    "href": "/ip/Ball-Regular-Mouth-Lids-12pk/16213250?classType=VARIANT&selectedSellerId=0",
    "currentPrice": "current price Now $3.97",
    "pricePerOz": "$9.98",
    "pickup": "Pickup today",
    "delivery": "Delivery today",
    "shipping": "N/A"
  },
  {
    "ioId": "5VBO0RU96MM8",
    "linkIdentifier": "33469620",
    "text": "Miracle-Gro Orchid Potting Mix Coarse Blend Soil, 8 qt",
    "href": "/ip/Miracle-Gro-Orchid-Potting-Mix-Coarse-Blend/33469620?classType=REGULAR&selectedSellerId=0",
    "currentPrice": "current price $5.97",
    "pricePerOz": "$1.17/ea",
    "pickup": "Pickup today",
    "delivery": "Delivery today",
    "shipping": "N/A"
  },
  {
    "ioId": "0SR5105ZAQ0H",
    "linkIdentifier": "15754331",
    "text": "Suave Skin Solutions Soothing with Aloe Body Lotion, 32 oz",
    "href": "/ip/Suave-Skin-Solutions-Soothing-Body-Lotion-with-Aloe-32-fl-oz/15754331?classType=REGULAR&selectedSellerId=0",
    "currentPrice": "current price $4.47",
    "pricePerOz": "14.0 ¢/fl oz",
    "pickup": "Pickup today",
    "delivery": "Delivery today",
    "shipping": "N/A"
  },
  {
    "ioId": "1DSTVFV8OI7R",
    "linkIdentifier": "10321461",
    "text": "COVERGIRL Eye Enhancers 3-Kit Eyeshadow, 105 Cafe Au Lait, 0.14 oz",
    "href": "/ip/Covergirl-Eye-Enhancers-3-Kit-Eye-Shadow/10321461?classType=VARIANT&selectedSellerId=0",
    "currentPrice": "current price $4.94",
    "pricePerOz": "$35.29/oz",
    "pickup": "Pickup today",
    "delivery": "Delivery today",
    "shipping": "Shipping, arrives tomorrow"
  },
  {
    "ioId": "7KPVBEZ0R18M",
    "linkIdentifier": "456607836",
    "text": "Sun Zero Nolan Energy Efficient Blackout Grommet Curtain Panel, 40\"x84\", Pearl",
    "href": "/ip/Sun-Zero-Nolan-Energy-Efficient-Blackout-Grommet-Single-Curtain-Panel-40-x-84-Pearl/456607836?classType=VARIANT&selectedSellerId=0",
    "currentPrice": "current price $6.99",
    "pricePerOz": "N/A",
    "pickup": "Shipping, arrives in 3+ days",
    "delivery": "N/A",
    "shipping": "N/A"
  },
  {
    "ioId": "57VIJ0KOL0B9",
    "linkIdentifier": "197918367",
    "text": "Minecraft Birthday Paper Dinner Plates, 9in, 8ct",
    "href": "/ip/Minecraft-Birthday-Paper-Dinner-Plates-9in-8ct/197918367?classType=VARIANT&selectedSellerId=0",
    "currentPrice": "current price $1.74",
    "pricePerOz": "$21.75/100 ct",
    "pickup": "Pickup today",
    "delivery": "Delivery today",
    "shipping": "Shipping, arrives tomorrow"
  },
  {
    "ioId": "63YEBB5I6YCL",
    "linkIdentifier": "19853412",
    "text": "Mean Green Super Strength Cleaner & Degreaser, 40 Ounce Bottle",
    "href": "/ip/Mean-Green-Super-Strength-Cleaner-Degreaser-40-fl-oz/19853412?classType=REGULAR&selectedSellerId=101530327",
    "currentPrice": "current price $5.70",
    "pricePerOz": "14.3 ¢/fl oz",
    "pickup": "Shipping, arrives in 3+ days",
    "delivery": "N/A",
    "shipping": "N/A"
  },
  {
    "ioId": "1F5OTBUR2ZCX",
    "linkIdentifier": "16457480",
    "text": "C&S Products Hanging EZ Fill Suet Cake Wild Bird Feeder- Green",
    "href": "/ip/C-S-EZ-Fill-Suet-Basket-8-oz/16457480?classType=VARIANT&selectedSellerId=0",
    "currentPrice": "current price $1.98",
    "pricePerOz": "N/A",
    "pickup": "Pickup today",
    "delivery": "Delivery today",
    "shipping": "N/A"
  },
  {
    "ioId": "3QBMEGPOHP5J",
    "linkIdentifier": "383722326",
    "text": "Mainstays Performance Solid Bath Towel, 54\" x 30\", Soft Silver",
    "href": "/ip/Mainstays-Performance-Solid-Bath-Towel-54-x-30-Soft-Silver/383722326?classType=VARIANT&selectedSellerId=0",
    "currentPrice": "current price $4.27",
    "pricePerOz": "N/A",
    "pickup": "Pickup today",
    "delivery": "Delivery today",
    "shipping": "Shipping, arrives tomorrow"
  },
  {
    "ioId": "3553UAGNW0CK",
    "linkIdentifier": "754558342",
    "text": "Redi Shade No Tools Original Light Filtering Pleated Paper Shade White, 36 in x 72 in",
    "href": "/ip/Redi-Shade-No-Tools-Original-Light-Filtering-Pleated-Paper-Shade-White-36-in-x-72-in/754558342?classType=VARIANT&selectedSellerId=0",
    "currentPrice": "current price $4.47",
    "pricePerOz": "N/A",
    "pickup": "Pickup today",
    "delivery": "Delivery today",
    "shipping": "Shipping, arrives tomorrow"
  },
  {
    "ioId": "7JGC8N6C6XJD",
    "linkIdentifier": "20896131",
    "text": "Expo Low Odor Dry Erase Markers, Chisel Tip, Black, 4 Count",
    "href": "/ip/EXPO-Low-Odor-Dry-Erase-Markers-Chisel-Tip-Black-4-Pack/20896131?classType=VARIANT&selectedSellerId=0",
    "currentPrice": "current price $4.87",
    "pricePerOz": "$1.22/ea",
    "pickup": "Pickup today",
    "delivery": "Delivery today",
    "shipping": "Shipping, arrives tomorrow"
  },
  {
    "ioId": "1DYA5CQ79HVS",
    "linkIdentifier": "454862872",
    "text": "Big Sexy Hair Spray & Play Harder Firm Volumizing Hairspray 10oz",
    "href": "/ip/Sexy-Hair-Big-Sexy-Hair-Spray-and-Play-Harder-Firm-Volumizing-Hairspray-10-oz/454862872?classType=VARIANT&selectedSellerId=0",
    "currentPrice": "current price $20.96",
    "pricePerOz": "$2.10/oz",
    "pickup": "Pickup today",
    "delivery": "Delivery today",
    "shipping": "Shipping, arrives tomorrow"
  },
  {
    "ioId": "564ELE0M3053",
    "linkIdentifier": "797741011",
    "text": "Cantu Avocado Hydrating Styling Gel, Flexible Hold with Avocado Oil and Shea Butter, 18.5 oz",
    "href": "/ip/Cantu-Avocado-Paraben-Free-Hydrating-Styling-Gel-18-5-oz/797741011?classType=VARIANT&selectedSellerId=604",
    "currentPrice": "current price $9.93",
    "pricePerOz": "53.7 ¢/oz",
    "pickup": "Shipping, arrives tomorrow",
    "delivery": "N/A",
    "shipping": "N/A"
  },
  {
    "ioId": "632MWQ6K240Y",
    "linkIdentifier": "190541903",
    "text": "INABA Churu Cat Treats, Creamy Lickable Purée Cat Treat with Vitamin E, 0.5 Ounces Each Tube, 4 Tubes, Tuna Recipe",
    "href": "/ip/INABA-Churu-Cat-Treats-Grain-Free-Lickable-Squeezable-Creamy-Pur-e-Treat-Topper-Vitamin-E-Taurine-0-5-Ounces-Each-Tube-4-Tubes-Tuna-Recipe/190541903?classType=VARIANT&selectedSellerId=102656465",
    "currentPrice": "current price $2.71",
    "pricePerOz": "$1.36/oz",
    "pickup": "Shipping, arrives in 3+ days",
    "delivery": "N/A",
    "shipping": "N/A"
  },
  {
    "ioId": "4BMSMJVD6N2X",
    "linkIdentifier": "16783116",
    "text": "Camco TST MAX RV Toilet Treatment - Septic Safe - Orange, 64 Ounces (41195)",
    "href": "/ip/Camco-TST-MAX-RV-Toilet-Treatment-Septic-Safe-Orange-64-Ounces-41195/16783116?classType=REGULAR&selectedSellerId=0",
    "currentPrice": "current price $11.47",
    "pricePerOz": "17.9 ¢/fl oz",
    "pickup": "Pickup today",
    "delivery": "Shipping, arrives tomorrow",
    "shipping": "N/A"
  },
  {
    "ioId": "3UAKWR2YMS0Z",
    "linkIdentifier": "830940096",
    "text": "Jensen SCR-75 Stereo Cassette Player With AM/FM Radio",
    "href": "/ip/JENSEN-SCR-75-Stereo-Cassette-Player-with-AM-FM-Radio/830940096?classType=REGULAR&selectedSellerId=0",
    "currentPrice": "current price $20.43",
    "pricePerOz": "N/A",
    "pickup": "Shipping, arrives in 2 days",
    "delivery": "N/A",
    "shipping": "N/A"
  },
  {
    "ioId": "1WMO3EWY1IX3",
    "linkIdentifier": "121048275",
    "text": "St. Tropez Gradual Self Tanner Everyday Body Lotion, Medium/Dark, 6.7 oz",
    "href": "/ip/St-Tropez-Gradual-Self-Tanner-Everyday-Body-Lotion-Medium-Dark-6-7-oz/121048275?classType=VARIANT&selectedSellerId=689",
    "currentPrice": "current price $22.76",
    "pricePerOz": "N/A",
    "pickup": "Shipping, arrives in 2 days",
    "delivery": "N/A",
    "shipping": "N/A"
  },
  {
    "ioId": "0YCLBRZRR7F9",
    "linkIdentifier": "468536490",
    "text": "L'Oreal Professionnel Mythic Oil Nourishing Oil with Argan Oil (All Hair Types) 100ml/3.4oz",
    "href": "/ip/L-Oreal-Professionnel-Mythic-Oil-Nourishing-Oil-with-Argan-Oil-All-Hair-Types-100ml-3-4oz/468536490?classType=REGULAR&selectedSellerId=101185804",
    "currentPrice": "current price Now $36.99",
    "pricePerOz": "$45.99",
    "pickup": "Free shipping, arrives in 2 days",
    "delivery": "N/A",
    "shipping": "N/A"
  },
  {
    "ioId": "30QUC8U77729",
    "linkIdentifier": "490941464",
    "text": "Athletic Works Women’s Bungee Slip On Sneakers, size 6-11, Wide Width Available",
    "href": "/ip/Athletic-Works-Women-s-Bungee-Slip-On-Sneakers-Size-6-11/490941464?classType=VARIANT&athbdg=L1600&selectedSellerId=0",
    "currentPrice": "current price $19.98",
    "pricePerOz": "N/A",
    "pickup": "Pickup today",
    "delivery": "Delivery today",
    "shipping": "Shipping, arrives tomorrow"
  },
  {
    "ioId": "4U1W3FN7MWKO",
    "linkIdentifier": "2224863600",
    "text": "Mainstays Super Soft High Quality Brushed Microfiber Bed Sheet Set, King, Placid Blue, 4 Piece",
    "href": "/ip/Mainstays-Super-Soft-High-Quality-Brushed-Microfiber-Bed-Sheet-Set-King-Placid-Blue-4-Piece/2224863600?classType=VARIANT&athbdg=L1600&selectedSellerId=0",
    "currentPrice": "current price $18.94",
    "pricePerOz": "N/A",
    "pickup": "Pickup at a nearby store",
    "delivery": "Shipping, arrives tomorrow",
    "shipping": "N/A"
  },
  {
    "ioId": "6PFJLR3Y6VNR",
    "linkIdentifier": "300876175",
    "text": "Hanes Men's & Big Men's EcoSmart Fleece Hoodie, Sizes S-5XL",
    "href": "/ip/Hanes-Men-s-and-Big-Men-s-EcoSmart-Fleece-Pullover-Hoodie-Sizes-S-5XL/300876175?classType=VARIANT&athbdg=L1600&selectedSellerId=0",
    "currentPrice": "current price Now $15.39",
    "pricePerOz": "$26.00",
    "pickup": "Shipping, arrives in 3+ days",
    "delivery": "N/A",
    "shipping": "N/A"
  },
  {
    "ioId": "7KLUN79936ZQ",
    "linkIdentifier": "161622488",
    "text": "Navy Solid Chenille Decorative Pillow Set, Mainstays, 18\" x 18\", 2 Pieces",
    "href": "/ip/Navy-Solid-Chenille-Decorative-Pillow-Set-Mainstays-18-x-18-2-Pieces/161622488?classType=VARIANT&selectedSellerId=0",
    "currentPrice": "current price $14.96",
    "pricePerOz": "N/A",
    "pickup": "Pickup today",
    "delivery": "Delivery today",
    "shipping": "Shipping, arrives tomorrow"
  },
  {
    "ioId": "2MIJ0ULFYIQ0",
    "linkIdentifier": "34238563",
    "text": "Splat Original Complete Kit, Semi-Permanent Hair Dye with Bleach, Purple Desire",
    "href": "/ip/Splat-Semi-Perm-Hair-Color-Purple-Desire/34238563?classType=VARIANT&athbdg=L1600&selectedSellerId=0",
    "currentPrice": "current price $10.26",
    "pricePerOz": "N/A",
    "pickup": "Pickup today",
    "delivery": "Delivery today",
    "shipping": "Shipping, arrives tomorrow"
  },
  {
    "ioId": "7E9MZD5JK1ON",
    "linkIdentifier": "1130428428",
    "text": "e.l.f. Halo Glow Contour Beauty Wand, Medium/Tan, 0.33 fl oz",
    "href": "/ip/e-l-f-Halo-Glow-Contour-Beauty-Wand-Medium-Tan-0-33-fl-oz/1130428428?classType=VARIANT&athbdg=L1600&selectedSellerId=0",
    "currentPrice": "current price $9.00",
    "pricePerOz": "$27.27/fl oz",
    "pickup": "Pickup today",
    "delivery": "Delivery today",
    "shipping": "Shipping, arrives tomorrow"
  },
  {
    "ioId": "5D1MW84IV8S1",
    "linkIdentifier": "331474929",
    "text": "Joyspun Women's Lace Push Up Bra, Sizes 34A to 40D",
    "href": "/ip/Joyspun-Women-s-Lace-Push-Up-Bra-Sizes-34A-to-40D/331474929?classType=VARIANT&athbdg=L1600&selectedSellerId=0",
    "currentPrice": "current price $13.48",
    "pricePerOz": "N/A",
    "pickup": "Pickup today",
    "delivery": "Delivery today",
    "shipping": "Shipping, arrives tomorrow"
  },
  {
    "ioId": "48MLMUZEZN75",
    "linkIdentifier": "17324892",
    "text": "Boiron Oscillococcinum Homeopathic Medicine for Flu-Like Symptoms, 12 Doses",
    "href": "/ip/Boiron-Oscillococcinum-Homeopathic-Medicine-for-Flu-Like-Symptoms-12-Doses/17324892?classType=VARIANT&athbdg=L1600&selectedSellerId=101037041",
    "currentPrice": "current price Now $16.52",
    "pricePerOz": "$19.99",
    "pickup": "Free shipping, arrives in 3+ days",
    "delivery": "N/A",
    "shipping": "N/A"
  },
  {
    "ioId": "2WYTBYSZA149",
    "linkIdentifier": "1884446937",
    "text": "Ozark Trail 22 oz Vacuum Insulated Stainless Steel Tumbler, White",
    "href": "/ip/Ozark-Trail-22-oz-Vacuum-Insulated-Stainless-Steel-Tumbler-White/1884446937?classType=VARIANT&selectedSellerId=0",
    "currentPrice": "current price $7.97",
    "pricePerOz": "N/A",
    "pickup": "Pickup at a nearby store",
    "delivery": "Shipping, arrives tomorrow",
    "shipping": "N/A"
  },
  {
    "ioId": "7A0NUBBZBDQ9",
    "linkIdentifier": "5344673844",
    "text": "Time and Tru Women's Knit Loafer",
    "href": "/ip/Time-And-Tru-Knit-Loafer/5344673844?classType=VARIANT&selectedSellerId=0",
    "currentPrice": "current price $14.99",
    "pricePerOz": "N/A",
    "pickup": "Shipping, arrives tomorrow",
    "delivery": "N/A",
    "shipping": "N/A"
  },
  {
    "ioId": "5Z3JG9KU9O95",
    "linkIdentifier": "24653886",
    "text": "Ball Glass Mason Jar with Lid & Band, Wide Mouth, 32 oz, Single Jar, 1 Count",
    "href": "/ip/Ball-Glass-Mason-Jar-with-Lid-Band-Wide-Mouth-32-oz-Single-Jar/24653886?classType=VARIANT",
    "currentPrice": "N/A",
    "pricePerOz": "N/A",
    "pickup": "Free shipping, arrives in 2 days",
    "delivery": "N/A",
    "shipping": "N/A"
  },
  {
    "ioId": "1HIFTC5W3X91",
    "linkIdentifier": "553630376",
    "text": "Mainstays 4 Piece Rod Pocket Curtain Panel, Tan, 27.5\" W x 63\" L",
    "href": "/ip/Mainstays-4pc-Set-Rod-Pocket-Curtain-Panel-27-5-x-63-Tan/553630376?classType=VARIANT&selectedSellerId=0",
    "currentPrice": "current price $12.98",
    "pricePerOz": "N/A",
    "pickup": "Pickup at a nearby store",
    "delivery": "Shipping, arrives tomorrow",
    "shipping": "N/A"
  },
  {
    "ioId": "17OH09959ZHY",
    "linkIdentifier": "15680980",
    "text": "Fixodent Plus Scope Denture Adhesive Cream, Precision Hold, Scope Flavored, 2 oz, 2 Pack",
    "href": "/ip/Fixodent-Plus-Scope-Denture-Adhesive-Precision-Hold-2-oz-2-Pack/15680980?classType=VARIANT&selectedSellerId=0",
    "currentPrice": "current price $10.47",
    "pricePerOz": "$5.24/ounces",
    "pickup": "Pickup today",
    "delivery": "Delivery today",
    "shipping": "Shipping, arrives tomorrow"
  },
  {
    "ioId": "6BVRIWKQCF3B",
    "linkIdentifier": "32176877",
    "text": "Colgate Sensitive Whitening Toothpaste Gel, Fresh Mint, 6 oz, 2 Pack",
    "href": "/ip/Colgate-Sensitive-Whitening-Toothpaste-6-oz-2-count/32176877?classType=REGULAR&selectedSellerId=0",
    "currentPrice": "current price $9.42",
    "pricePerOz": "78.5 ¢/oz",
    "pickup": "Pickup today",
    "delivery": "Delivery today",
    "shipping": "Shipping, arrives tomorrow"
  },
  {
    "ioId": "48Q4O5WTYXRC",
    "linkIdentifier": "17017861",
    "text": "Dove Men+Care Clean Comfort Hydrating Gentle Women's Face & Body Wash All Skin, 18 oz",
    "href": "/ip/Dove-Men-Care-Clean-Comfort-Body-Wash-18-oz/17017861?classType=REGULAR&selectedSellerId=0",
    "currentPrice": "current price $7.12",
    "pricePerOz": "39.6 ¢/fl oz",
    "pickup": "Pickup today",
    "delivery": "Delivery today",
    "shipping": "N/A"
  },
  {
    "ioId": "6I6AF0VL4UJN",
    "linkIdentifier": "118597005",
    "text": "Febreze Air Freshener Spray, Odor-Fighting Room Spray, Hawaiian Aloha, 8.8oz, 2 Count",
    "href": "/ip/Febreze-Air-Spray/118597005?classType=REGULAR&selectedSellerId=0",
    "currentPrice": "current price $5.72",
    "pricePerOz": "32.5 ¢/oz",
    "pickup": "Pickup today",
    "delivery": "Delivery today",
    "shipping": "N/A"
  },
  {
    "ioId": "7A7LBEYP3OF8",
    "linkIdentifier": "10849684",
    "text": "Neutrogena Clear Pore 2-in-1 Facial Cleanser & Clay Mask, 4.2 fl. oz",
    "href": "/ip/Neutrogena-Clear-Pore-2-in-1-Facial-Cleanser-Clay-Mask-4-2-fl-oz/10849684?classType=REGULAR&selectedSellerId=0",
    "currentPrice": "current price Now $9.27",
    "pricePerOz": "$27.38",
    "pickup": "Pickup at a nearby store",
    "delivery": "Shipping, arrives tomorrow",
    "shipping": "N/A"
  },
  {
    "ioId": "2W317FV07WOI",
    "linkIdentifier": "27054136",
    "text": "Raid Ant & Roach Insect Killer, Indoor Insecticide Spray, Outdoor Fresh Scent, 17.5 oz, Pack of 2",
    "href": "/ip/Raid-Ant-Roach-Insect-Killer-Indoor-Insecticide-Spray-Outdoor-Fresh-Scent-17-5-oz-Pack-of-2/27054136?classType=VARIANT&selectedSellerId=0",
    "currentPrice": "current price $9.12",
    "pricePerOz": "26.1 ¢/oz",
    "pickup": "Pickup at a nearby store",
    "delivery": "Shipping, arrives tomorrow",
    "shipping": "N/A"
  },
  {
    "ioId": "2FUAFEJKWA5T",
    "linkIdentifier": "1892964241",
    "text": "Bluey In The Dream Kids Throw Blanket, 46 x 60, Microfiber, Blue, BBC Studios Ages 1+",
    "href": "/ip/Bluey-In-The-Dream-Kids-Throw-46-x-60-Microfiber-Blue-BBC-Studios-Ages-1/1892964241?classType=REGULAR&selectedSellerId=0",
    "currentPrice": "current price Now $12.50",
    "pricePerOz": "$32.65",
    "pickup": "Pickup today",
    "delivery": "Delivery today",
    "shipping": "Shipping, arrives tomorrow"
  },
  {
    "ioId": "1O2FSPI45XHS",
    "linkIdentifier": "463939657",
    "text": "SmartyKat Frisky Flyer, Interactive Cat Toy, Extendable and Retractable Wand with Feathers",
    "href": "/ip/SmartyKat-Frisky-Flyer-Feather-Wand-Cat-Toy/463939657?classType=REGULAR&selectedSellerId=0",
    "currentPrice": "current price $4.91",
    "pricePerOz": "N/A",
    "pickup": "Pickup today",
    "delivery": "Delivery today",
    "shipping": "Shipping, arrives tomorrow"
  },
  {
    "ioId": "2Q5ZYWRQVXD2",
    "linkIdentifier": "1754901378",
    "text": "Method Men 2-in-1 Shampoo and Conditioner, Glacier + Granite, 14 oz",
    "href": "/ip/Method-Men-2-in-1-Daily-Shampoo-Conditioner-Glacier-Granite-14-fl-oz/1754901378?classType=REGULAR&selectedSellerId=0",
    "currentPrice": "current price $11.53",
    "pricePerOz": "82.4 ¢/fl oz",
    "pickup": "Pickup today",
    "delivery": "Delivery today",
    "shipping": "Shipping, arrives tomorrow"
  },
  {
    "ioId": "6U7OCA9KXBEV",
    "linkIdentifier": "53991476",
    "text": "Pedigree Mini Jumbone Beef Flavor, Small Dog Treats, 21 Oz. Bag",
    "href": "/ip/Jumbone-35-Count-Mini-Beef/53991476?classType=VARIANT&selectedSellerId=0",
    "currentPrice": "current price $8.98",
    "pricePerOz": "42.8 ¢/oz",
    "pickup": "Pickup at a nearby store",
    "delivery": "Shipping, arrives tomorrow",
    "shipping": "N/A"
  },
  {
    "ioId": "6GDXRZROXVXE",
    "linkIdentifier": "10295422",
    "text": "Bior Nose + Face Deep Cleansing Pore Strips, Blackhead Remover, 7 Nose + 7 Face Strips",
    "href": "/ip/Biore-Deep-Cleansing-Combo-Pack-Pore-Strips-14-Ct/10295422?classType=REGULAR&selectedSellerId=0",
    "currentPrice": "current price $9.87",
    "pricePerOz": "70.5 ¢/count",
    "pickup": "Pickup today",
    "delivery": "Delivery today",
    "shipping": "Shipping, arrives tomorrow"
  },
  {
    "ioId": "294MED9MYFHD",
    "linkIdentifier": "42157075",
    "text": "Parents Choice Premium Nursing Pads, 120 Count",
    "href": "/ip/Parents-Choice-Pc-Nursing-Pads-120ct/42157075?classType=REGULAR&selectedSellerId=0",
    "currentPrice": "current price $9.78",
    "pricePerOz": "8.2 ¢/ea",
    "pickup": "Pickup today",
    "delivery": "Delivery today",
    "shipping": "Shipping, arrives tomorrow"
  },
  {
    "ioId": "42L5OLP9N7D2",
    "linkIdentifier": "28832472",
    "text": "Airborne 750mg Vitamin C Immune Support Gummies, Multivitamin Supplement, Assorted Fruit Flavor, 21 ct",
    "href": "/ip/Airborne-750mg-Vitamin-C-Immune-Support-Gummies-Multivitamin-Supplement-Assorted-Fruit-Flavor-21-ct/28832472?classType=REGULAR&selectedSellerId=0",
    "currentPrice": "current price $8.37",
    "pricePerOz": "39.9 ¢/count",
    "pickup": "Pickup today",
    "delivery": "Delivery today",
    "shipping": "Shipping, arrives tomorrow"
  },
  {
    "ioId": "1AOHKSJ53C8G",
    "linkIdentifier": "51428088",
    "text": "Snuggle Plus Super Fresh Fabric Softener Dryer Sheets, Original, 105 Count",
    "href": "/ip/Snuggle-Plus-SuperFresh-Fabric-Softener-Sheets-105-sheets/51428088?classType=VARIANT&selectedSellerId=0",
    "currentPrice": "current price $5.22",
    "pricePerOz": "$4.97/100 ct",
    "pickup": "Pickup today",
    "delivery": "Delivery today",
    "shipping": "N/A"
  },
  {
    "ioId": "5V37FCJTWL41",
    "linkIdentifier": "47708126",
    "text": "Windex Disinfectant Cleaner Multi-Surface Refill, Citrus Fresh, 2 L",
    "href": "/ip/Windex-Disinfectant-Cleaner-Multi-Surface-Refill-Citrus-Fresh-2-L/47708126?classType=REGULAR&selectedSellerId=0",
    "currentPrice": "current price Now $9.96",
    "pricePerOz": "$23.00",
    "pickup": "Shipping, arrives tomorrow",
    "delivery": "N/A",
    "shipping": "N/A"
  },
  {
    "ioId": "2T5U08YVFXAD",
    "linkIdentifier": "16935565",
    "text": "vitafusion PreNatal Gummy Vitamins, Raspberry Lemonade Flavored, Pregnancy Vitamins for Women, 90 Ct",
    "href": "/ip/VitaFusion-Prenatal-Gummy-Vitamins-90ct/16935565?classType=REGULAR&selectedSellerId=0",
    "currentPrice": "current price $12.48",
    "pricePerOz": "13.9 ¢/count",
    "pickup": "Pickup today",
    "delivery": "Delivery today",
    "shipping": "Shipping, arrives tomorrow"
  },
  {
    "ioId": "6S78PUQ4RNE0",
    "linkIdentifier": "3182276328",
    "text": "Tooooth Repair Kit",
    "href": "/ip/Tooooth-Repair-Kit/3182276328?classType=VARIANT&athbdg=L1400&selectedSellerId=101122632",
    "currentPrice": "current price Now $12.99",
    "pricePerOz": "$39.99",
    "pickup": "Shipping, arrives tomorrow",
    "delivery": "N/A",
    "shipping": "N/A"
  },
  {
    "ioId": "2Z4MBX4J5KM8",
    "linkIdentifier": "16671457",
    "text": "Dr. Bronner's Magic Soap - Castile Liquid - Lavender - 16 oz - 18-in-1 uses - Adults, Teens, Children",
    "href": "/ip/Dr-Bronner-s-Magic-Soap-Castile-Liquid-Lavender-16-oz-18-in-1-uses-Adults-Teens-Children/16671457?classType=REGULAR&selectedSellerId=0",
    "currentPrice": "current price $11.98",
    "pricePerOz": "74.9 ¢/fl oz",
    "pickup": "Pickup today",
    "delivery": "Delivery today",
    "shipping": "Shipping, arrives tomorrow"
  },
  {
    "ioId": "56EH1ZNCY1YC",
    "linkIdentifier": "10447821",
    "text": "Poise Incontinence Pads for Women, 4 Drop Moderate Absorbency, Regular Length, 20 Count",
    "href": "/ip/Poise-Incontinence-Pads-Postpartum-Incontinence-Pads-4-Drop-Moderate-Absorbency-Regular-Length-20-Count/10447821?classType=VARIANT&selectedSellerId=0",
    "currentPrice": "current price $5.97",
    "pricePerOz": "N/A",
    "pickup": "Pickup today",
    "delivery": "Delivery today",
    "shipping": "Shipping, arrives tomorrow"
  },
  {
    "ioId": "5075C4RXK09X",
    "linkIdentifier": "49211759",
    "text": "Libman Extra Large Angle Broom & Clean Fibers Dustpan Green Steel Handle 14\" Wide Fibers",
    "href": "/ip/Libman-Broom-Dustpan/49211759?classType=VARIANT&selectedSellerId=0",
    "currentPrice": "current price $14.36",
    "pricePerOz": "N/A",
    "pickup": "Pickup today",
    "delivery": "Delivery today",
    "shipping": "Shipping, arrives tomorrow"
  },
  {
    "ioId": "2SK5V7PAI08P",
    "linkIdentifier": "10719986",
    "text": "Filtrete 16x20x1 Air Filter, MPR 800 MERV 10, Micro Particle Reduction, 1 Filter",
    "href": "/ip/Filtrete-16x20x1-Air-Filter-MPR-800-MERV-10-Micro-Particle-Reduction-1-Filter/10719986?classType=REGULAR&selectedSellerId=0",
    "currentPrice": "current price $11.88",
    "pricePerOz": "$2.97/ea",
    "pickup": "Pickup at a nearby store",
    "delivery": "Shipping, arrives tomorrow",
    "shipping": "N/A"
  },
  {
    "ioId": "477H33M3M88G",
    "linkIdentifier": "15107749",
    "text": "Weiman Stainless Steel Cleaner & Polish Spray for Kitchen and Home Appliances, 12 oz, Floral Scent",
    "href": "/ip/Cleaner-Stainless-Steel-Pack-of-6/15107749?classType=VARIANT&selectedSellerId=101001445",
    "currentPrice": "current price $12.98",
    "pricePerOz": "$1.08/oz",
    "pickup": "Free shipping, arrives in 3+ days",
    "delivery": "N/A",
    "shipping": "N/A"
  },
  {
    "ioId": "5P19JQB62WJO",
    "linkIdentifier": "603016384",
    "text": "Buffalo Games Rocky Cliff Lighthouse 300-Piece Interlocking Jigsaw Puzzle for Adults Ages 14+",
    "href": "/ip/Buffalo-Games-Large-Piece-Rocky-Cliff-Lighthouse-300-Piece-Jigsaw-Puzzle/603016384?classType=REGULAR&selectedSellerId=0",
    "currentPrice": "current price $10.47",
    "pricePerOz": "N/A",
    "pickup": "N/A",
    "delivery": "N/A",
    "shipping": "N/A"
  },
  {
    "ioId": "1R9CWJJZWJC8",
    "linkIdentifier": "19237918",
    "text": "Libbey Clear Glass 7.5\" Cylinder Bud Floral Vase",
    "href": "/ip/Libbey-Clear-Glass-7-5-Cylinder-Bud-Vase/19237918?classType=VARIANT&selectedSellerId=0",
    "currentPrice": "current price $4.27",
    "pricePerOz": "N/A",
    "pickup": "Pickup at a nearby store",
    "delivery": "N/A",
    "shipping": "N/A"
  },
  {
    "ioId": "56F3X394VH4L",
    "linkIdentifier": "572959097",
    "text": "Reebok Boys Performance Boxer Brief Underwear, 5-Pack, Sizes S-XL",
    "href": "/ip/Reebok-Boys-Underwear-Performance-Boxer-Briefs-Medium-5-Pack/572959097?classType=VARIANT&athbdg=L1600&selectedSellerId=0",
    "currentPrice": "current price $14.00",
    "pricePerOz": "N/A",
    "pickup": "Pickup today",
    "delivery": "Delivery today",
    "shipping": "Shipping, arrives tomorrow"
  },
  {
    "ioId": "0SYXI7UH60I9",
    "linkIdentifier": "264497119",
    "text": "The Honey Pot Company, Normal Feminine Foaming Wash, 5.51 fl. oz.",
    "href": "/ip/The-Honey-Pot-Company-Normal-Feminine-Foaming-Wash-5-51-fl-oz/264497119?classType=REGULAR&athbdg=L1600&selectedSellerId=0",
    "currentPrice": "current price $10.37",
    "pricePerOz": "$1.89/fl oz",
    "pickup": "Pickup today",
    "delivery": "Delivery today",
    "shipping": "Shipping, arrives tomorrow"
  },
  {
    "ioId": "4QLXC9C5JTXG",
    "linkIdentifier": "21283645",
    "text": "Monistat 7 Day Women's Yeast Infection Treatment, 7 Disposable Miconazole Cream Applicator",
    "href": "/ip/Monistat-7-Day-Women-s-Yeast-Infection-Treatment-7-Disposable-Miconazole-Cream-Applicator/21283645?classType=VARIANT&athbdg=L1600&selectedSellerId=0",
    "currentPrice": "current price $12.58",
    "pricePerOz": "$7.86/oz",
    "pickup": "Pickup today",
    "delivery": "Delivery today",
    "shipping": "Shipping, arrives tomorrow"
  },
  {
    "ioId": "5TDT9UOYDKPX",
    "linkIdentifier": "990494243",
    "text": "Fruit of the Loom Men's Micro-Stretch Boxer Briefs, 6-Pack",
    "href": "/ip/Fruit-of-the-Loom-Men-s-Micro-Stretch-Boxer-Briefs-6-Pack/990494243?classType=VARIANT&athbdg=L1600&selectedSellerId=0",
    "currentPrice": "current price Now $16.95",
    "pricePerOz": "$19.98",
    "pickup": "Pickup today",
    "delivery": "Delivery today",
    "shipping": "Shipping, arrives tomorrow"
  },
  {
    "ioId": "3JS1CABCHW09",
    "linkIdentifier": "24520432",
    "text": "It's a 10 Miracle Leave-in Product 4 oz",
    "href": "/ip/IT-S-A-10-LEAVE-IN-C/24520432?classType=VARIANT&athbdg=L1600&selectedSellerId=0",
    "currentPrice": "current price $18.96",
    "pricePerOz": "$4.74/fl oz",
    "pickup": "Pickup today",
    "delivery": "Delivery today",
    "shipping": "Shipping, arrives tomorrow"
  },
  {
    "ioId": "696CP30Q9BS8",
    "linkIdentifier": "748042976",
    "text": "Cordinate Designer Extension Cord, 3-Outlet 10-Foot Cord, Black, Indoor, 42024",
    "href": "/ip/Jasco-Products-Cordinate-Extension-Cord-Black-grey-10/748042976?classType=VARIANT&athbdg=L1600&selectedSellerId=0",
    "currentPrice": "current price $11.98",
    "pricePerOz": "N/A",
    "pickup": "Pickup at a nearby store",
    "delivery": "Shipping, arrives tomorrow",
    "shipping": "N/A"
  },
  {
    "ioId": "646ZV0YAQMTL",
    "linkIdentifier": "785167039",
    "text": "Aveeno Baby Daily Moisture Bath Body Wash & Shampoo, Oat Extract, 33 fl oz",
    "href": "/ip/Aveeno-Baby-Daily-Moisture-Bath-Body-Wash-Shampoo-Oat-Extract-33-fl-oz/785167039?classType=REGULAR&selectedSellerId=0",
    "currentPrice": "current price $18.48",
    "pricePerOz": "56.0 ¢/fl oz",
    "pickup": "Pickup today",
    "delivery": "Delivery today",
    "shipping": "Shipping, arrives tomorrow"
  },
  {
    "ioId": "70A0JSJNISLC",
    "linkIdentifier": "20595015",
    "text": "Tresemme Ultra Fine Hairspray 24H Frizz Control with Pro Lock Tech, 14.6 oz",
    "href": "/ip/Tresemme-Extra-Firm-Ultra-Fine-Frizz-Control-Women-s-Hairspray-Color-Treated-Hair-14-6-oz/20595015?classType=VARIANT&athbdg=L1600&selectedSellerId=0",
    "currentPrice": "current price $8.94",
    "pricePerOz": "61.2 ¢/oz",
    "pickup": "Pickup today",
    "delivery": "Delivery today",
    "shipping": "Shipping, arrives tomorrow"
  },
  {
    "ioId": "7FYRYVYJ1L7T",
    "linkIdentifier": "16608758",
    "text": "AZO Cranberry Urinary Tract Health Supplement, Sugar-Free, 100 Softgels",
    "href": "/ip/AZO-Maximum-Strength-Cranberry-Softgels-100ct/16608758?classType=REGULAR&selectedSellerId=0",
    "currentPrice": "current price $12.74",
    "pricePerOz": "12.7 ¢/count",
    "pickup": "Pickup today",
    "delivery": "Delivery today",
    "shipping": "Shipping, arrives tomorrow"
  },
  {
    "ioId": "5XQF5BHRC351",
    "linkIdentifier": "430711181",
    "text": "Spring Valley Turmeric Curcumin with Ginger Powder General Wellness Dietary Supplement Vegetarian Capsules, 500 mg, 250 Count",
    "href": "/ip/Spring-Valley-Sv-Turmeric-500-250ct/430711181?classType=VARIANT&selectedSellerId=0",
    "currentPrice": "current price $12.88",
    "pricePerOz": "5.2 ¢/count",
    "pickup": "Pickup today",
    "delivery": "Delivery today",
    "shipping": "Shipping, arrives tomorrow"
  },
  {
    "ioId": "71FY6N56ZG5H",
    "linkIdentifier": "347829142",
    "text": "Fruit of The Loom Women's Comfort Front Close Cotton Sports Bra, 2 Pack",
    "href": "/ip/Fruit-of-The-Loom-Women-s-Comfort-Front-Close-Cotton-Sports-Bra-2-Pack/347829142?classType=VARIANT&selectedSellerId=102527216",
    "currentPrice": "current price $26.21",
    "pricePerOz": "$13.11/count",
    "pickup": "Free shipping, arrives in 3+ days",
    "delivery": "N/A",
    "shipping": "N/A"
  },
  {
    "ioId": "1FVEEXUP6QYH",
    "linkIdentifier": "362673503",
    "text": "SanDisk 128GB microSDXC UHS-I Memory Card Licensed for Nintendo Switch, Red - 100MB/s, Micro SD Card - SDSQXBO-128G-AWCZA",
    "href": "/ip/SanDisk-128GB-microSDXC-UHS-I-Memory-Card-Licensed-for-Nintendo-Switch-Red-100MB-s-Micro-SD-Card-SDSQXBO-128G-AWCZA/362673503?classType=VARIANT&selectedSellerId=0",
    "currentPrice": "current price $18.88",
    "pricePerOz": "N/A",
    "pickup": "Pickup today",
    "delivery": "Delivery today",
    "shipping": "Shipping, arrives tomorrow"
  },
  {
    "ioId": "2NUBA1DHXLIG",
    "linkIdentifier": "42860414",
    "text": "Vaseline Original Petroleum Jelly, 7.5 oz",
    "href": "/ip/Vaseline-Petroleum-Jelly-Original-7-5-oz/42860414?classType=REGULAR&selectedSellerId=0",
    "currentPrice": "current price $4.48",
    "pricePerOz": "59.7 ¢/oz",
    "pickup": "Pickup today",
    "delivery": "Delivery today",
    "shipping": "N/A"
  },
  {
    "ioId": "4QHDEVPY90KX",
    "linkIdentifier": "251189677",
    "text": "Gillette Sensor 2 Fixed Head Men 2 Blade Disposable Razor,12 count",
    "href": "/ip/Gillette-Sensor2-Fixed-Head-Men-s-Disposable-Razors-Blue-12-Count/251189677?classType=REGULAR&selectedSellerId=0",
    "currentPrice": "current price $9.97",
    "pricePerOz": "83.1 ¢/count",
    "pickup": "Pickup today",
    "delivery": "Delivery today",
    "shipping": "Shipping, arrives tomorrow"
  },
  {
    "ioId": "1OBX2RKDQOA9",
    "linkIdentifier": "16521288",
    "text": "3-D Pet Products Finch Food Finch Lovers Mix Dry Wild Bird Food, Seeds 5 lb. Bag, 1 Pack",
    "href": "/ip/3-D-Pet-Products-Finch-Food-Finch-Lovers-Mix-Dry-Wild-Bird-Food-Seeds-5-lb-Bag-1-Pack/16521288?classType=VARIANT&selectedSellerId=0",
    "currentPrice": "current price $12.94",
    "pricePerOz": "$2.59/lb",
    "pickup": "Pickup today",
    "delivery": "Delivery today",
    "shipping": "Shipping, arrives tomorrow"
  },
  {
    "ioId": "6Y23JYPD8RQF",
    "linkIdentifier": "933889813",
    "text": "Clorox 17\" x 36\" Cushioned Foam Bathtub Mat with Suction Cups, White",
    "href": "/ip/Clorox-17-x-36-Cushioned-Foam-Bathtub-Mat-with-Suction-Cups-White/933889813?classType=VARIANT&selectedSellerId=0",
    "currentPrice": "current price $14.96",
    "pricePerOz": "N/A",
    "pickup": "Pickup today",
    "delivery": "Delivery today",
    "shipping": "Shipping, arrives tomorrow"
  },
  {
    "ioId": "3462WYBCN3QT",
    "linkIdentifier": "1559333712",
    "text": "Dove Invigorating Long Lasting Gentle Women's Body Wash Aloe & Eucalyptus All Skin Type, 30.6 fl oz",
    "href": "/ip/Dove-Invigorating-Long-Lasting-Gentle-Women-s-Body-Wash-Aloe-Eucalyptus-All-Skin-Type-30-6-fl-oz/1559333712?classType=VARIANT&selectedSellerId=0",
    "currentPrice": "current price $10.47",
    "pricePerOz": "34.2 ¢/fl oz",
    "pickup": "Pickup today",
    "delivery": "Shipping, arrives tomorrow",
    "shipping": "N/A"
  },
  {
    "ioId": "2XUU3MQ3RLKD",
    "linkIdentifier": "17670840",
    "text": "Ticonderoga Premium Wood Pencils, Unsharpened #2 Lead, Yellow, 24 Count, 0.3 mm Pencil Lead",
    "href": "/ip/Ticonderoga-Premium-Wood-Pencils-Unsharpened-2-Lead-Yellow-24-Count-0-3-mm-Pencil-Lead/17670840?classType=VARIANT&selectedSellerId=0",
    "currentPrice": "current price $4.82",
    "pricePerOz": "20.1 ¢/ea",
    "pickup": "Pickup today",
    "delivery": "Delivery today",
    "shipping": "Shipping, arrives tomorrow"
  },
  {
    "ioId": "5WPE3AUUNL7O",
    "linkIdentifier": "298923226",
    "text": "Sorry! Kids Board Game, Family Board Games for Kids, 2 to 4 Players, Ages 6+",
    "href": "/ip/Sorry-Game/298923226?classType=REGULAR&selectedSellerId=0",
    "currentPrice": "current price $10.47",
    "pricePerOz": "N/A",
    "pickup": "Pickup today",
    "delivery": "Delivery today",
    "shipping": "Shipping, arrives tomorrow"
  },
  {
    "ioId": "2DYAIWMI1CDQ",
    "linkIdentifier": "33852046",
    "text": "Wrangler Men's and Big Men's Legacy Cargo Pant",
    "href": "/ip/FAST-TRACK-Wrangler-Men-s-Cargo-Pants/33852046?classType=VARIANT&selectedSellerId=0",
    "currentPrice": "current price $24.98",
    "pricePerOz": "N/A",
    "pickup": "Shipping, arrives in 3+ days",
    "delivery": "N/A",
    "shipping": "N/A"
  },
  {
    "ioId": "2RHAWX5GV28W",
    "linkIdentifier": "182151370",
    "text": "Febreze Odor-Fighting Air Freshener Linen & Sky, 8.8 oz",
    "href": "/ip/Febreze-Air-Spray/182151370?classType=VARIANT&selectedSellerId=0",
    "currentPrice": "current price $3.24",
    "pricePerOz": "36.8 ¢/oz",
    "pickup": "Pickup today",
    "delivery": "Delivery today",
    "shipping": "N/A"
  },
  {
    "ioId": "54J2MDFOSNZP",
    "linkIdentifier": "617519718",
    "text": "Hanes Signature Women’s Comfort Evolution Wireless Bra, W796",
    "href": "/ip/Hanes-Signature-Women-s-Comfort-Evolution-Wireless-Bra-W796/617519718?classType=VARIANT&selectedSellerId=0",
    "currentPrice": "current price $15.94",
    "pricePerOz": "N/A",
    "pickup": "Pickup today",
    "delivery": "Delivery today",
    "shipping": "Shipping, arrives tomorrow"
  },
  {
    "ioId": "4DASJ26KNN39",
    "linkIdentifier": "402787907",
    "text": "Alani Nu Pre-Workout Powder, Blue Slush, 7.3oz, 20 Servings",
    "href": "/ip/Alani-Nu-Pre-Workout-Powder-Blue-Slush-7-3oz-20-Servings/402787907?classType=REGULAR&selectedSellerId=0",
    "currentPrice": "current price $24.96",
    "pricePerOz": "$3.42/oz",
    "pickup": "Pickup today",
    "delivery": "Delivery today",
    "shipping": "Shipping, arrives tomorrow"
  },
  {
    "ioId": "3P8RVRRL256B",
    "linkIdentifier": "25568200",
    "text": "vitafusion Omega-3 Gummy Vitamins, Berry Lemonade Flavor Heart Health Vitamins(1), 120 Count",
    "href": "/ip/vitafusion-Omega-3-Gummy-Vitamins-Berry-Lemonade-Flavor-Heart-Health-Vitamins-1-120-Count/25568200?classType=REGULAR&selectedSellerId=0",
    "currentPrice": "current price $12.48",
    "pricePerOz": "10.4 ¢/count",
    "pickup": "Pickup today",
    "delivery": "Delivery today",
    "shipping": "Shipping, arrives tomorrow"
  },
  {
    "ioId": "57C15YVZH9F7",
    "linkIdentifier": "54801182",
    "text": "EverClean Ostrich Feather Duster",
    "href": "/ip/NOBRAND-EverClean-Ostrich-Feather-Duster/54801182?classType=REGULAR&selectedSellerId=0",
    "currentPrice": "current price $6.38",
    "pricePerOz": "N/A",
    "pickup": "Pickup today",
    "delivery": "Delivery today",
    "shipping": "Shipping, arrives tomorrow"
  },
  {
    "ioId": "3UE66JMT2T28",
    "linkIdentifier": "833188972",
    "text": "Hanes Men's Comfort Flex Fit Total Support Pouch Boxer Briefs, 3 Pack",
    "href": "/ip/Hanes-Men-s-Comfort-Flex-Fit-Total-Support-Pouch-Boxer-Briefs-3-Pack/833188972?classType=VARIANT&selectedSellerId=0",
    "currentPrice": "current price $18.98",
    "pricePerOz": "$6.33/ea",
    "pickup": "Pickup today",
    "delivery": "Delivery today",
    "shipping": "Shipping, arrives tomorrow"
  },
  {
    "ioId": "0UBQ31OALYVX",
    "linkIdentifier": "1642772343",
    "text": "Wonder Nation Toddler Boys Boxer Briefs Underwear, 10-Pack, Sizes 2T-5T",
    "href": "/ip/Wonder-Nation-Toddler-Boys-Boxer-Briefs-Underwear-10-Pack-Sizes-2T-5T/1642772343?classType=VARIANT&selectedSellerId=0",
    "currentPrice": "current price $12.98",
    "pricePerOz": "$1.30/ea",
    "pickup": "Pickup today",
    "delivery": "Delivery today",
    "shipping": "Shipping, arrives tomorrow"
  },
  {
    "ioId": "3A4MPZPPM8KG",
    "linkIdentifier": "739575014",
    "text": "Glade Automatic Spray Refills, Air Freshener, Infused with Essential Oils, Aqua Waves, 6.2 oz, 2 Count",
    "href": "/ip/Glade-Automatic-Spray-Refills-Air-Freshener-Infused-with-Essential-Oils-Aqua-Waves-6-2-oz-2-Count/739575014?classType=VARIANT&selectedSellerId=0",
    "currentPrice": "current price $9.98",
    "pricePerOz": "80.5 ¢/oz",
    "pickup": "Pickup today",
    "delivery": "Delivery today",
    "shipping": "Shipping, arrives tomorrow"
  },
  {
    "ioId": "4X9U9V8JV6K3",
    "linkIdentifier": "23608623",
    "text": "Hanes Men's Value Pack White Crew T-Shirt Undershirts, 6 Pack",
    "href": "/ip/Hanes-Men-s-Value-Pack-White-Crew-T-Shirt-Undershirts-6-Pack/23608623?classType=VARIANT&selectedSellerId=0",
    "currentPrice": "current price $18.98",
    "pricePerOz": "$3.16/ea",
    "pickup": "Pickup today",
    "delivery": "Delivery today",
    "shipping": "Shipping, arrives tomorrow"
  },
  {
    "ioId": "10MJS3HRPBCQ",
    "linkIdentifier": "15125761",
    "text": "Valvoline High Mileage MaxLife 5W-20 Synthetic Blend Motor Oil 5 QT",
    "href": "/ip/Valvoline-High-Mileage-with-MaxLife-Technology-Motor-Oil-SAE-5W-20/15125761?classType=VARIANT&selectedSellerId=0",
    "currentPrice": "current price $19.97",
    "pricePerOz": "12.5 ¢/fl oz",
    "pickup": "Pickup today",
    "delivery": "Delivery today",
    "shipping": "Shipping, arrives tomorrow"
  },
  {
    "ioId": "4G03GZ2D8WVN",
    "linkIdentifier": "310048865",
    "text": "Hanes Men's Value Pack Covered Waistband Boxer Briefs, 6 Pack",
    "href": "/ip/Hanes-Men-s-Value-Pack-Covered-Waistband-Boxer-Briefs-6-Pack/310048865?classType=VARIANT&selectedSellerId=102648711",
    "currentPrice": "current price $20.88",
    "pricePerOz": "N/A",
    "pickup": "Shipping, arrives in 2 days",
    "delivery": "N/A",
    "shipping": "N/A"
  },
  {
    "ioId": "2UO7PEDY8GIQ",
    "linkIdentifier": "10449752",
    "text": "Applied Nutrition Green Tea Weight Loss Supplement, 90 Capsules",
    "href": "/ip/Applied-Nutrition-Green-Tea-Weight-Loss-Supplement-90-Capsules/10449752?classType=VARIANT&selectedSellerId=0",
    "currentPrice": "current price $10.46",
    "pricePerOz": "11.6 ¢/count",
    "pickup": "Pickup today",
    "delivery": "Delivery today",
    "shipping": "Shipping, arrives tomorrow"
  },
  {
    "ioId": "5UNPHJVZP3Y9",
    "linkIdentifier": "342129989",
    "text": "Hyper Tough 100FT 16AWG 3 Prong Green Single Outlet Outdoor Extension Cord",
    "href": "/ip/Hyper-Tough-100FT-16AWG-3-Prong-Green-Single-Outlet-Outdoor-Extension-Cord-10-amps/342129989?classType=VARIANT&selectedSellerId=0",
    "currentPrice": "current price $19.78",
    "pricePerOz": "N/A",
    "pickup": "Pickup today",
    "delivery": "Delivery today",
    "shipping": "Shipping, arrives tomorrow"
  },
  {
    "ioId": "1MOJSM5DS9I4",
    "linkIdentifier": "108658577",
    "text": "BIC Hybrid 3 Comfort Refillable Razor Kit, Men's, 3-Blade, 1 Handle and 12 Cartridges",
    "href": "/ip/BIC-Hybrid-3-Comfort-12-Pack/108658577?classType=VARIANT&selectedSellerId=0",
    "currentPrice": "current price $11.47",
    "pricePerOz": "N/A",
    "pickup": "Pickup today",
    "delivery": "Shipping, arrives tomorrow",
    "shipping": "N/A"
  },
  {
    "ioId": "28IDI2WDUMEG",
    "linkIdentifier": "672008502",
    "text": "Sharpie S-Gel, Gel Pens, Medium Point (0.7mm), Black Ink, Pearl White Barrel, 4 Count",
    "href": "/ip/Sharpie-S-Gel-Gel-Pens-Medium-Point-0-7mm-Black-Ink-Pearl-White-Barrel-4-Count/672008502?classType=REGULAR&athbdg=L1300&selectedSellerId=0",
    "currentPrice": "current price Now $4.87",
    "pricePerOz": "$5.53",
    "pickup": "Pickup today",
    "delivery": "Delivery today",
    "shipping": "Shipping, arrives tomorrow"
  },
  {
    "ioId": "3JUH7K3PIOX5",
    "linkIdentifier": "331396621",
    "text": "SanDisk 64GB Cruzer Glide USB 2.0 Flash Drive 2 Pack - SDCZ60-064G-AW46TW",
    "href": "/ip/SanDisk-64GB-Cruzer-Glide-USB-2-0-Flash-Drive-2-Pack-SDCZ60-064G-AW46TW/331396621?classType=VARIANT&selectedSellerId=0",
    "currentPrice": "current price $14.88",
    "pricePerOz": "N/A",
    "pickup": "Pickup at a nearby store",
    "delivery": "Shipping, arrives tomorrow",
    "shipping": "N/A"
  },
  {
    "ioId": "3Y6HZP8H985X",
    "linkIdentifier": "5212441819",
    "text": "Great Value LED, 9W (60W Equivalent) A19 General Purpose E26 Medium Base, Non-Dimmable, Soft White, 36-Pack",
    "href": "/ip/Great-Value-LED-9W-60W-Equivalent-A19-General-Purpose-E26-Medium-Base-Non-Dimmable-Soft-White-36-Pack/5212441819?classType=VARIANT&selectedSellerId=0",
    "currentPrice": "current price $47.97",
    "pricePerOz": "$1.33/ea",
    "pickup": "Free shipping, arrives tomorrow",
    "delivery": "N/A",
    "shipping": "N/A"
  },
  {
    "ioId": "1H6G4JD8N8OH",
    "linkIdentifier": "993451144",
    "text": "AND1 Men's Cushion Crew Sock, 12 Pack",
    "href": "/ip/AND1-Men-s-Cushion-Crew-Sock-12-Pack/993451144?classType=VARIANT&selectedSellerId=0",
    "currentPrice": "current price $12.48",
    "pricePerOz": "$1.04/ea",
    "pickup": "Pickup today",
    "delivery": "Delivery today",
    "shipping": "Shipping, arrives tomorrow"
  },
  {
    "ioId": "6QYB14AX2T47",
    "linkIdentifier": "505002150",
    "text": "Obvi Collagenic Burn for Weight Loss, Collagen Peptides Infused Thermogenic Burner, 120 Capsules",
    "href": "/ip/Obvi-Collagenic-Burn-for-Weight-Loss-Collagen-Peptides-Infused-Thermogenic-Burner-120-Capsules/505002150?classType=REGULAR&athbdg=L1300&selectedSellerId=0",
    "currentPrice": "current price Now $18.87",
    "pricePerOz": "$20.98",
    "pickup": "Pickup today",
    "delivery": "Delivery today",
    "shipping": "Shipping, arrives tomorrow"
  },
  {
    "ioId": "2CGYX5J2KEI6",
    "linkIdentifier": "853200330",
    "text": "Multipet Plush Smiling Dog Toy, Medium Size, Squeaker",
    "href": "/ip/Multipet-Smiling-Loofa-Plush-Dog-Toy-Medium-Tie-Dye-with-Squeaker-Inside-12-inches/853200330?classType=REGULAR&selectedSellerId=101240199",
    "currentPrice": "current price $13.80",
    "pricePerOz": "N/A",
    "pickup": "Free shipping, arrives in 3+ days",
    "delivery": "N/A",
    "shipping": "N/A"
  },
  {
    "ioId": "57UFB6UYU8QC",
    "linkIdentifier": "117256288",
    "text": "Isopure Zero Carb 100% Pure Whey Isolate Protein Powder, Lactose Free, Gluten Free, With Vitamins, Creamy Vanilla, 25g Protein Per Serving, 1 Lb, 15 Servings",
    "href": "/ip/Isopure-Zero-Carb-100-Whey-Protein-Isolate-25g-Protein-Powder-Creamy-Vanilla-1-lb/117256288?classType=VARIANT&athbdg=L1600&selectedSellerId=5442",
    "currentPrice": "current price Now $23.75",
    "pricePerOz": "$31.99",
    "pickup": "Shipping, arrives in 2 days",
    "delivery": "N/A",
    "shipping": "N/A"
  },
  {
    "ioId": "3U1TWYNLXMW7",
    "linkIdentifier": "15125768",
    "text": "Valvoline MaxLife Multi-Vehicle Automatic Transmission Fluid, 1 Gallon",
    "href": "/ip/Valvoline-MaxLife-Multi-Vehicle-Full-Synthetic-Automatic-Transmission-Fluid-ATF-1-GA/15125768?classType=VARIANT&athbdg=L1600&selectedSellerId=0",
    "currentPrice": "current price $25.92",
    "pricePerOz": "20.3 ¢/fl oz",
    "pickup": "Pickup at a nearby store",
    "delivery": "Shipping, arrives tomorrow",
    "shipping": "N/A"
  },
  {
    "ioId": "2FU52MVIV7EC",
    "linkIdentifier": "7849353797",
    "text": "(2 pack) Fluker's The Culinary Coop Dried Soldier Worms, Premium All-Natural Treats for Chickens, 16 oz Bag",
    "href": "/ip/Fluker-s-The-Culinary-Coop-Dried-Soldier-Worms-Premium-All-Natural-Treats-for-Chickens-16-oz-Bag/7849353797?classType=VARIANT&athbdg=L1600&selectedSellerId=0",
    "currentPrice": "current price $17.76",
    "pricePerOz": "55.5 ¢/oz",
    "pickup": "Shipping, arrives tomorrow",
    "delivery": "N/A",
    "shipping": "N/A"
  },
  {
    "ioId": "4CH9MHIUIEWY",
    "linkIdentifier": "5678809691",
    "text": "Jlab JBuddies Studio On-Ear Kids Wired Headphones, Blue/Green, Studio Volume Safe, Volume Limiter, Folding, Adjustable, Noise Isolation, with Mic",
    "href": "/ip/JBuddies-Studio-Wired-Headphones-Blue-Green/5678809691?classType=VARIANT&athbdg=L1600&selectedSellerId=0",
    "currentPrice": "current price $14.73",
    "pricePerOz": "$14.73/count",
    "pickup": "Pickup at a nearby store",
    "delivery": "Shipping, arrives tomorrow",
    "shipping": "N/A"
  },
  {
    "ioId": "0V6TJXZF1N9X",
    "linkIdentifier": "50687316",
    "text": "Banana Boat Sport Ultra SPF 50 Sunscreen Spray Twin Pack, Spray Sunscreen, Adult Sunblock, 6 oz each",
    "href": "/ip/Banana-Boat-UltraMist-Sport-Performance-Continuous-Spray-Sunscreen-SPF-50-6-oz-Pack-of-2/50687316?classType=VARIANT&athbdg=L1600&selectedSellerId=0",
    "currentPrice": "current price $14.14",
    "pricePerOz": "$1.18/oz",
    "pickup": "Pickup today",
    "delivery": "Delivery today",
    "shipping": "Shipping, arrives tomorrow"
  },
  {
    "ioId": "546MY116YLP3",
    "linkIdentifier": "593810326",
    "text": "Tramontina 9-Piece Non-Stick Cookware Set, Champagne",
    "href": "/ip/Tramontina-9-Piece-Non-Stick-Cookware-Set-Champagne/593810326?classType=VARIANT&athbdg=L1600&selectedSellerId=0",
    "currentPrice": "current price $24.82",
    "pricePerOz": "N/A",
    "pickup": "Pickup today",
    "delivery": "Delivery today",
    "shipping": "Shipping, arrives tomorrow"
  },
  {
    "ioId": "6CHFXNZ2EQW9",
    "linkIdentifier": "1641078554",
    "text": "Dr. Pol Pine Pellet Cat Litter - 25lb Bag",
    "href": "/ip/Dr-Pol-Pine-Pellet-Cat-Litter-25lb-Bag/1641078554?classType=VARIANT&selectedSellerId=0",
    "currentPrice": "current price $12.25",
    "pricePerOz": "49.0 ¢/lb",
    "pickup": "Shipping, arrives in 3+ days",
    "delivery": "N/A",
    "shipping": "N/A"
  },
  {
    "ioId": "4XT5VUI2NMUA",
    "linkIdentifier": "550678483",
    "text": "Tweezerman 2 Piece Stainless Steel Nail Clipper Set for Nail Care",
    "href": "/ip/COMBO-CLIPPER-SET/550678483?classType=VARIANT&athbdg=L1600&selectedSellerId=0",
    "currentPrice": "current price $11.98",
    "pricePerOz": "N/A",
    "pickup": "Pickup today",
    "delivery": "Delivery today",
    "shipping": "Shipping, arrives tomorrow"
  },
  {
    "ioId": "1Z2AC6KKG263",
    "linkIdentifier": "749750001",
    "text": "Dr. Brown's Natural Flow Anti-Colic Options+ Narrow Baby Bottle, 8oz, 3 Pack + HappyPaci",
    "href": "/ip/Dr-Brown-s-Natural-Flow-Anti-Colic-Options-Narrow-Baby-Bottle-8oz-250ml-3-Pack-with-HappyPaci/749750001?classType=VARIANT&athbdg=L1600&selectedSellerId=0",
    "currentPrice": "current price $18.98",
    "pricePerOz": "$6.33/ea",
    "pickup": "Pickup today",
    "delivery": "Delivery today",
    "shipping": "Shipping, arrives tomorrow"
  },
  {
    "ioId": "4747SL848XF5",
    "linkIdentifier": "949888480",
    "text": "Vibrant Life Durable Corrugated Cardboard Cat Scratching Pad, Multicolored, XL",
    "href": "/ip/Vibrant-Life-Durable-Corrugate-Cardboard-Rectangle-Shaped-Cat-Scratcher-Pad-XL-Multi-Color/949888480?classType=VARIANT&selectedSellerId=0",
    "currentPrice": "current price $9.97",
    "pricePerOz": "N/A",
    "pickup": "Pickup today",
    "delivery": "Delivery today",
    "shipping": "Shipping, arrives tomorrow"
  },
  {
    "ioId": "38ZRM7UN504L",
    "linkIdentifier": "3899919473",
    "text": "Mr. Clean 2X Concentrated Multi Surface Cleaner with Febreze Meadows & Rain Scent, 23FO",
    "href": "/ip/Mr-Clean-2X-Concentrated-Multi-Surface-Cleaner-with-Febreze-Meadows-Rain-Scent-23-fl-oz/3899919473?classType=VARIANT&selectedSellerId=0",
    "currentPrice": "current price $3.94",
    "pricePerOz": "17.1 ¢/fl oz",
    "pickup": "Pickup at a nearby store",
    "delivery": "Shipping, arrives tomorrow",
    "shipping": "N/A"
  },
  {
    "ioId": "5ED1VVF8OUUW",
    "linkIdentifier": "46142642",
    "text": "Sterilite 3 Drawer Weave Tower, White",
    "href": "/ip/Sterilite-3-Drawer-Weave-Tower-White/46142642?classType=REGULAR&selectedSellerId=0",
    "currentPrice": "current price Now $19.77",
    "pricePerOz": "$34.00",
    "pickup": "Pickup at a nearby store",
    "delivery": "Shipping, arrives tomorrow",
    "shipping": "N/A"
  },
  {
    "ioId": "1V3RUWBMPM3S",
    "linkIdentifier": "1053858368",
    "text": "Wonder Nation Girls Skinny Mid Rise Jean, Sizes 5-18 & Plus",
    "href": "/ip/Wonder-Nation-Girls-Skinny-Mid-Rise-Jean-Sizes-5-18-Plus/1053858368?classType=VARIANT&selectedSellerId=0",
    "currentPrice": "current price $10.98",
    "pricePerOz": "N/A",
    "pickup": "Pickup at a nearby store",
    "delivery": "Shipping, arrives tomorrow",
    "shipping": "N/A"
  },
  {
    "ioId": "1PY07M0TZRPO",
    "linkIdentifier": "10295455",
    "text": "Jergens Natural Glow Daily Moisturizer Lotion, Medium to Deep Skin, Self Tanner, 7.5 oz",
    "href": "/ip/Jergens-Natural-Glow-Daily-Moisturizer-Lotion-Medium-to-Deep-Skin-Self-Tanner-7-5-oz/10295455?classType=VARIANT&selectedSellerId=0",
    "currentPrice": "current price $10.98",
    "pricePerOz": "$1.46/fl oz",
    "pickup": "Pickup today",
    "delivery": "Delivery today",
    "shipping": "Shipping, arrives tomorrow"
  },
  {
    "ioId": "1P8PDJ8K53CI",
    "linkIdentifier": "1945791750",
    "text": "Wonder Nation Toddler Girl's Full-Length Knit Leggings, 3-Pack, Sizes 2T-5T",
    "href": "/ip/Wonder-Nation-Toddler-Girl-s-Full-Length-Knit-Leggings-3-Pack-Sizes-2T-5T/1945791750?classType=VARIANT&selectedSellerId=0",
    "currentPrice": "current price $8.98",
    "pricePerOz": "N/A",
    "pickup": "Pickup at a nearby store",
    "delivery": "Shipping, arrives tomorrow",
    "shipping": "N/A"
  },
  {
    "ioId": "5KPKYCD9AI6E",
    "linkIdentifier": "10849663",
    "text": "Neutrogena Deep Clean Invigorating Foaming Gel Face Scrub, 4.2 fl. oz",
    "href": "/ip/Neutrogena-Deep-Clean-Invigorating-Foaming-Gel-Face-Scrub-4-2-fl-oz/10849663?classType=VARIANT&selectedSellerId=0",
    "currentPrice": "current price Now $9.27",
    "pricePerOz": "$16.05",
    "pickup": "Pickup today",
    "delivery": "Delivery today",
    "shipping": "Shipping, arrives tomorrow"
  },
  {
    "ioId": "6EJBR674DUCI",
    "linkIdentifier": "17422681",
    "text": "Scotch Heavy Duty Packaging Tape, Clear, 1.88\" x 38.2 yd, 1 Dispenser",
    "href": "/ip/Scotch-Heavy-Duty-Packaging-Tape-Clear-1-88-x-38-2-yd-1-Dispenser/17422681?classType=VARIANT&selectedSellerId=0",
    "currentPrice": "current price $6.43",
    "pricePerOz": "N/A",
    "pickup": "Pickup today",
    "delivery": "Delivery today",
    "shipping": "Shipping, arrives tomorrow"
  },
  {
    "ioId": "6EC84M0OVRYH",
    "linkIdentifier": "657790856",
    "text": "Centrum Multigummies Men's Gummy Vitamins, Multivitamin Supplement, Assorted Fruit, 170 Count",
    "href": "/ip/Centrum-Multigummies-Men-s-Gummy-Vitamins-Multivitamin-Supplement-Assorted-Fruit-170-Count/657790856?classType=REGULAR&selectedSellerId=101067212",
    "currentPrice": "current price Now $8.99",
    "pricePerOz": "$18.06",
    "pickup": "Free shipping, arrives in 3+ days",
    "delivery": "N/A",
    "shipping": "N/A"
  },
  {
    "ioId": "10MTYE9IYMYS",
    "linkIdentifier": "53171841",
    "text": "Wrangler Rustler Men's and Big Men's Relaxed Fit Jeans",
    "href": "/ip/Wrangler-Rustler-Men-s-and-Big-Men-s-Relaxed-Fit-Jeans/53171841?classType=VARIANT&selectedSellerId=0",
    "currentPrice": "current price $13.98",
    "pricePerOz": "N/A",
    "pickup": "Shipping, arrives in 3+ days",
    "delivery": "N/A",
    "shipping": "N/A"
  },
  {
    "ioId": "2SGJ1Q4A2T5H",
    "linkIdentifier": "136413489",
    "text": "Athletic Works Men's No Show Socks 12 Pack",
    "href": "/ip/Athletic-Works-Men-s-No-Show-Socks-12-Pack/136413489?classType=VARIANT&selectedSellerId=0",
    "currentPrice": "current price Now $10.98",
    "pricePerOz": "$12.63",
    "pickup": "Pickup today",
    "delivery": "Delivery today",
    "shipping": "Shipping, arrives tomorrow"
  },
  {
    "ioId": "6HZOCYNDJ9NN",
    "linkIdentifier": "224427806",
    "text": "Clorox Pool&Spa Shock XtraBlue2 for Swimming Pools, 1lb",
    "href": "/ip/Clorox-Pool-Spa-Shock-XtraBlue2-for-Swimming-Pools-1lb/224427806?classType=VARIANT&selectedSellerId=102557433",
    "currentPrice": "current price $21.50",
    "pricePerOz": "N/A",
    "pickup": "Free shipping, arrives in 3+ days",
    "delivery": "N/A",
    "shipping": "N/A"
  },
  {
    "ioId": "1SSRAM2WW3EM",
    "linkIdentifier": "479046091",
    "text": "Vital Proteins Collagen Peptides Joint Supplement Gummies for Hair, Skin, and Nails, Grape, 120 Count",
    "href": "/ip/Vital-Proteins-Collagen-Supplement-Gummies-Grape-Flavor-120-Count/479046091?classType=VARIANT&selectedSellerId=0",
    "currentPrice": "current price $14.97",
    "pricePerOz": "12.5 ¢/count",
    "pickup": "Pickup at a nearby store",
    "delivery": "Shipping, arrives tomorrow",
    "shipping": "N/A"
  },
  {
    "ioId": "55WUEPV87U5W",
    "linkIdentifier": "50941565",
    "text": "L'Oreal Paris Infallible Pro-Glow SPF Liquid Foundation, 24hr Coverage, Sun Beige, 1 fl oz",
    "href": "/ip/L-Oreal-Paris-Infallible-Pro-Glow-Foundation-1-fl-oz/50941565?classType=VARIANT&selectedSellerId=11758",
    "currentPrice": "current price Now $10.00",
    "pricePerOz": "$14.99",
    "pickup": "Free shipping, arrives in 3+ days",
    "delivery": "N/A",
    "shipping": "N/A"
  },
  {
    "ioId": "3EA72KD97ADF",
    "linkIdentifier": "153747377",
    "text": "Revlon ColorStay Overtime Lipcolor, Dual Ended Longwearing Liquid Lipstick with Clear Lip Gloss, with Vitamin E, 530 24/7 Pink, 0.07 fl oz",
    "href": "/ip/Revlon-ColorStay-Overtime-Lipcolor-Dual-Ended-Longwearing-Liquid-Lipstick-with-Clear-Lip-Gloss-with-Vitamin-E-530-24-7-Pink-0-07-fl-oz/153747377?classType=VARIANT&selectedSellerId=3232",
    "currentPrice": "current price $19.79",
    "pricePerOz": "$282.71/fl oz",
    "pickup": "Free shipping, arrives in 3+ days",
    "delivery": "N/A",
    "shipping": "N/A"
  },
  {
    "ioId": "47B46QK8CIJS",
    "linkIdentifier": "17243987",
    "text": "DAP DryDex 8 oz White Spackling Wall Plaster Repair Kit",
    "href": "/ip/Dap-Wall-Repair-Patch-Kit-with-Drydex-Spackling-8-oz/17243987?classType=VARIANT&selectedSellerId=0",
    "currentPrice": "current price Now $9.87",
    "pricePerOz": "$13.99",
    "pickup": "Pickup today",
    "delivery": "Delivery today",
    "shipping": "Shipping, arrives tomorrow"
  },
  {
    "ioId": "505874RXK5IC",
    "linkIdentifier": "254038905",
    "text": "Super Tech Full Synthetic SAE 0W-20 Motor Oil, 5 Quarts",
    "href": "/ip/Super-Tech-Full-Synthetic-SAE-0W-20-Motor-Oil-5-Quarts/254038905?classType=VARIANT&selectedSellerId=0",
    "currentPrice": "current price $18.64",
    "pricePerOz": "11.7 ¢/fl oz",
    "pickup": "Pickup today",
    "delivery": "Delivery today",
    "shipping": "Shipping, arrives tomorrow"
  },
  {
    "ioId": "27ZB26IRHJI8",
    "linkIdentifier": "946883533",
    "text": "Mainstays Over-The-Door Mirror with hardware, 14.25IN X 50.25IN, Black",
    "href": "/ip/Mainstays-Over-The-Door-Mirror-with-hardware-14-25IN-X-50-25IN-Black/946883533?classType=VARIANT&selectedSellerId=0",
    "currentPrice": "current price $19.93",
    "pricePerOz": "N/A",
    "pickup": "Pickup today",
    "delivery": "Delivery today",
    "shipping": "Shipping, arrives tomorrow"
  },
  {
    "ioId": "4XKVZ8V08284",
    "linkIdentifier": "329370576",
    "text": "Wrangler Boys Bootcut Denim Jeans, Sizes 4-18 & Husky",
    "href": "/ip/Wrangler-Boys-Bootcut-Denim-Jeans-Sizes-4-18-Husky/329370576?classType=VARIANT&selectedSellerId=0",
    "currentPrice": "current price $15.98",
    "pricePerOz": "N/A",
    "pickup": "Pickup today",
    "delivery": "Delivery today",
    "shipping": "Shipping, arrives tomorrow"
  },
  {
    "ioId": "1OYN6BYIRS2Y",
    "linkIdentifier": "434986441",
    "text": "Fruit of the Loom Women's Spaghetti Strap Cotton Sports Bra, 3-Pack, Style-9036",
    "href": "/ip/Fruit-of-the-Loom-Women-s-Spaghetti-Strap-Cotton-Sports-Bra-3-Pack-Style-9036/434986441?classType=VARIANT&athbdg=L1400&selectedSellerId=0",
    "currentPrice": "current price Now $10.00",
    "pricePerOz": "$14.94",
    "pickup": "Shipping, arrives tomorrow",
    "delivery": "N/A",
    "shipping": "N/A"
  },
  {
    "ioId": "1KUJ9T2Z17SW",
    "linkIdentifier": "39131547",
    "text": "Mainstays 26\" Adjustable Height Personal Folding Table, Black",
    "href": "/ip/Mainstays-26-Adjustable-Height-Personal-Folding-Table-Black/39131547?classType=VARIANT&selectedSellerId=0",
    "currentPrice": "current price $21.98",
    "pricePerOz": "N/A",
    "pickup": "Pickup today",
    "delivery": "Delivery today",
    "shipping": "Shipping, arrives tomorrow"
  },
  {
    "ioId": "5X0LKL43069Z",
    "linkIdentifier": "34217237",
    "text": "Dr. Elsey's Precious Cat Ultra Unscented Clumping Clay Cat Litter, 40lb Bag",
    "href": "/ip/Precious-Cat-Ultra-Premium-Clumping-Cat-Litter-40-Pound/34217237?classType=VARIANT",
    "currentPrice": "N/A",
    "pricePerOz": "N/A",
    "pickup": "Free shipping, arrives in 3+ days",
    "delivery": "N/A",
    "shipping": "N/A"
  },
  {
    "ioId": "5GQSNVW2JRY1",
    "linkIdentifier": "240878592",
    "text": "Mainstays Fairport 20 Piece Stainless Steel Flatware Set, Silver, Tableware Service for 4",
    "href": "/ip/Mainstays-Fairport-20-Piece-Stainless-Steel-Flatware-Set-Silver-Tableware-Service-for-4/240878592?classType=REGULAR&selectedSellerId=0",
    "currentPrice": "current price $9.96",
    "pricePerOz": "N/A",
    "pickup": "Pickup today",
    "delivery": "Delivery today",
    "shipping": "Shipping, arrives tomorrow"
  },
  {
    "ioId": "633RHYD0CEG2",
    "linkIdentifier": "17325217",
    "text": "Citrucel Caplets Fiber Therapy for Occasional Constipation Relief, Unflavored, 100 Count",
    "href": "/ip/Citrucel-Fiber-Therapy-For-Regularity-100ct/17325217?classType=REGULAR&selectedSellerId=0",
    "currentPrice": "current price $19.13",
    "pricePerOz": "19.1 ¢/count",
    "pickup": "Pickup today",
    "delivery": "Delivery today",
    "shipping": "Shipping, arrives tomorrow"
  },
  {
    "ioId": "756GN4GE6GEH",
    "linkIdentifier": "867096239",
    "text": "Hyper Tough Indoor 6-Outlet Power Strip with 8ft Cord, 15A ,White",
    "href": "/ip/Hyper-Tough-6-Outlets-Power-Strip-with-8-ft-14AWG-Heavy-Duty-Cable-125V-15A/867096239?classType=REGULAR&selectedSellerId=0",
    "currentPrice": "current price $9.88",
    "pricePerOz": "N/A",
    "pickup": "Pickup today",
    "delivery": "Delivery today",
    "shipping": "Shipping, arrives tomorrow"
  },
  {
    "ioId": "1WIADGR3OZ2S",
    "linkIdentifier": "44888034",
    "text": "Ed Hardy Fine Fragrance Body Mist for Women, 8.0 fl oz",
    "href": "/ip/Ed-Hardy-Fine-Fragrance-Mist-8-fl-oz/44888034?classType=REGULAR&selectedSellerId=0",
    "currentPrice": "current price $9.98",
    "pricePerOz": "N/A",
    "pickup": "Pickup today",
    "delivery": "Delivery today",
    "shipping": "Shipping, arrives tomorrow"
  },
  {
    "ioId": "3VZXYL6XBNHS",
    "linkIdentifier": "494895443",
    "text": "Green Gobbler Drain Clog Remover and Cleaner, Septic-Safe, Bleach-Free, No Harsh Fumes - 2 Uses",
    "href": "/ip/Green-Gobbler-Drain-Clog-Remover-Cleaner-for-Toilets-Sinks-Showers-Septic-Safe-31-oz-1-Ct-2-Uses/494895443?classType=VARIANT&selectedSellerId=0",
    "currentPrice": "current price $11.84",
    "pricePerOz": "38.2 ¢/fl oz",
    "pickup": "Pickup today",
    "delivery": "Shipping, arrives tomorrow",
    "shipping": "N/A"
  },
  {
    "ioId": "0VCBOLKE1SAG",
    "linkIdentifier": "950529957",
    "text": "Fairy Tales Rosemary Repel® Kids Conditioning Spray, 8 fl oz.",
    "href": "/ip/Fairy-Tales-Rosemary-Repel-Lice-Prevention-Kids-Conditioning-Spray-8-fl-oz/950529957?classType=VARIANT&selectedSellerId=0",
    "currentPrice": "current price $13.12",
    "pricePerOz": "$1.64/fl oz",
    "pickup": "Pickup today",
    "delivery": "Delivery today",
    "shipping": "Shipping, arrives tomorrow"
  },
  {
    "ioId": "1T92ZZQ04DVQ",
    "linkIdentifier": "5087181781",
    "text": "Crocs Toddler & Kids Printed Baya Clog",
    "href": "/ip/Crocs-Toddler-Kids-Printed-Baya-Clog/5087181781?classType=VARIANT&selectedSellerId=0",
    "currentPrice": "current price $29.99",
    "pricePerOz": "N/A",
    "pickup": "Shipping, arrives tomorrow",
    "delivery": "N/A",
    "shipping": "N/A"
  },
  {
    "ioId": "3LYCBD2ZUX9D",
    "linkIdentifier": "26382867",
    "text": "Azzaro Chrome Eau De Toilette Spray, Cologne for Men, 3.4 Oz",
    "href": "/ip/Azzaro-Chrome-Eau-De-Toilette-Spray-Cologne-for-Men-3-4-Oz/26382867?classType=REGULAR&selectedSellerId=101657887",
    "currentPrice": "current price Now $16.82",
    "pricePerOz": "$105.00",
    "pickup": "Shipping, arrives in 3+ days",
    "delivery": "N/A",
    "shipping": "N/A"
  },
  {
    "ioId": "4IHDHW4TB6D3",
    "linkIdentifier": "274602059",
    "text": "ThermoPro TP19HW Waterproof Meat Thermometer with Magnet, LED Display and Stainless Steel Probe for Grilling, Cooking",
    "href": "/ip/ThermoPro-TP19HW-Waterproof-Meat-Thermometer-with-Magnet-LED-Display-and-Stainless-Steel-Probe/274602059?classType=VARIANT&selectedSellerId=0",
    "currentPrice": "current price Now $17.97",
    "pricePerOz": "$20.99",
    "pickup": "Pickup today",
    "delivery": "Delivery today",
    "shipping": "Shipping, arrives tomorrow"
  },
  {
    "ioId": "6CZT5O6WE6G8",
    "linkIdentifier": "31705971",
    "text": "Nexcare Tegaderm Waterproof Dressing, Hospital Grade Bandages, 2 3/8\" x 2 3/4\", 8 Count",
    "href": "/ip/Nexcare-Tegaderm-Waterproof-Transparent-Dressing-8-count/31705971?classType=REGULAR&athbdg=L1600&selectedSellerId=4776",
    "currentPrice": "current price Now $6.80",
    "pricePerOz": "$9.49",
    "pickup": "Shipping, arrives in 2 days",
    "delivery": "N/A",
    "shipping": "N/A"
  },
  {
    "ioId": "6TMB4OGEXM68",
    "linkIdentifier": "15420474",
    "text": "Hanes Men's EcoSmart Fleece Sweatpant",
    "href": "/ip/Hanes-Men-s-and-Big-Men-s-EcoSmart-Fleece-Sweatpants-Sizes-S-3XL/15420474?classType=VARIANT&athbdg=L1600&selectedSellerId=0",
    "currentPrice": "current price Now $14.10",
    "pricePerOz": "$21.00",
    "pickup": "Shipping, arrives in 3+ days",
    "delivery": "N/A",
    "shipping": "N/A"
  },
  {
    "ioId": "4HKI5886UWW7",
    "linkIdentifier": "10317804",
    "text": "Digestive Advantage Intensive Bowel Support Probiotics For Women And Men, Digestive Enzymes For Gut Health, 32 Capsules",
    "href": "/ip/Digestive-Advantage-Intensive-Bowel-Support-Probiotic-Dietary-Supplement-32-Count/10317804?classType=REGULAR&athbdg=L1600&selectedSellerId=0",
    "currentPrice": "current price $8.97",
    "pricePerOz": "28.0 ¢/count",
    "pickup": "Pickup today",
    "delivery": "Delivery today",
    "shipping": "Shipping, arrives tomorrow"
  },
  {
    "ioId": "1CAEGIVXJMGG",
    "linkIdentifier": "47934224",
    "text": "Parfums Belcam Geu Black for Men Eau De Toilette Spray, 3.4 fl oz",
    "href": "/ip/Parfums-Belcam-Ge-u-Black-for-Men-Eau-De-Toilette-Spray-3-4-fl-oz/47934224?classType=REGULAR&athbdg=L1600&selectedSellerId=0",
    "currentPrice": "current price $7.98",
    "pricePerOz": "$2.35/fl oz",
    "pickup": "Pickup today",
    "delivery": "Delivery today",
    "shipping": "Shipping, arrives tomorrow"
  },
  {
    "ioId": "5WZLIYUM0RVQ",
    "linkIdentifier": "45735883",
    "text": "Ensure High Protein Nutrition Shake, Vanilla, 8 fl oz, 12 Count",
    "href": "/ip/Ensure-Active-High-Protein-Vanilla-Nutrition-Shakes-8-fl-oz-12-count/45735883?classType=VARIANT&selectedSellerId=0",
    "currentPrice": "current price $21.96",
    "pricePerOz": "22.9 ¢/fl oz",
    "pickup": "Pickup today",
    "delivery": "Delivery today",
    "shipping": "Shipping, arrives tomorrow"
  },
  {
    "ioId": "5UHPKTNEKZC1",
    "linkIdentifier": "169952069",
    "text": "DenTek Professional Oral Care Kit, Advanced Clean, 5 Tools",
    "href": "/ip/DenTek-Professional-Oral-Care-Kit-Advanced-Clean-5-Tools/169952069?classType=REGULAR&athbdg=L1600&selectedSellerId=0",
    "currentPrice": "current price $6.76",
    "pricePerOz": "N/A",
    "pickup": "Pickup today",
    "delivery": "Delivery today",
    "shipping": "N/A"
  },
  {
    "ioId": "4OLWDHH417K9",
    "linkIdentifier": "900334072",
    "text": "Revlon ColorStay Full Coverage Cream Foundation Makeup, Matte Finish, 200 Nude, 1.0 fl oz",
    "href": "/ip/Revlon-ColorStay-Full-Coverage-Cream-Foundation-Makeup-Matte-Finish-200-Nude-1-0-fl-oz/900334072?classType=VARIANT&athbdg=L1600&selectedSellerId=2535",
    "currentPrice": "current price $11.48",
    "pricePerOz": "$11.48/fl oz",
    "pickup": "Shipping, arrives in 3+ days",
    "delivery": "N/A",
    "shipping": "N/A"
  },
  {
    "ioId": "24YS2BIEPUY9",
    "linkIdentifier": "863278465",
    "text": "LeapFrog Learning Friends 100 Words Book Alphabet Toys Baby and Toddler Toys",
    "href": "/ip/Leapfrog-Learning-Friends-100-Words-Bilingual-Electronic-Book-for-Toddlers-Teaches-Words-Spanish/863278465?classType=REGULAR&athbdg=L1600&selectedSellerId=0",
    "currentPrice": "current price Now $15.28",
    "pricePerOz": "$19.99",
    "pickup": "Pickup today",
    "delivery": "Delivery today",
    "shipping": "Shipping, arrives tomorrow"
  },
  {
    "ioId": "65WDFJ03IKFC",
    "linkIdentifier": "705024347",
    "text": "Reebok Girls Seamless Hipster Panties, 5-Pack",
    "href": "/ip/Reebok-Girls-Seamless-Hipster-Panties-5-Pack/705024347?classType=VARIANT&athbdg=L1600&selectedSellerId=0",
    "currentPrice": "current price $12.00",
    "pricePerOz": "N/A",
    "pickup": "Pickup today",
    "delivery": "Delivery today",
    "shipping": "Shipping, arrives tomorrow"
  },
  {
    "ioId": "1KM1SPZBRSPG",
    "linkIdentifier": "880653547",
    "text": "TPH BY TARAJI Honey Fresh Aloe Vera Clarifying Shampoo for Buildup & Oily Hair | Moisturizing & Hydrating | Honey & Willowbark | Sulfate Free, 12 fl. oz.",
    "href": "/ip/TPH-BY-TARAJI-Honey-Fresh-Aloe-Vera-Clarifying-Shampoo-Buildup-Oily-Hair-Moisturizing-Hydrating-Willowbark-Sulfate-Free-Vegan-12-fl-oz/880653547?classType=VARIANT&selectedSellerId=0",
    "currentPrice": "current price $9.97",
    "pricePerOz": "83.1 ¢/fl oz",
    "pickup": "Pickup today",
    "delivery": "Delivery today",
    "shipping": "Shipping, arrives tomorrow"
  },
  {
    "ioId": "5NFFMHL1BL8K",
    "linkIdentifier": "27558250",
    "text": "Hammermill Premium Multi-Purpose Paper, White, 20lb, 8.5x11, 1 Ream (500 Sheets), New",
    "href": "/ip/Hammermill-Premium-Multipurpose-Paper-500-Count/27558250?classType=VARIANT&athbdg=L1300&selectedSellerId=0",
    "currentPrice": "current price Now $9.12",
    "pricePerOz": "$10.12",
    "pickup": "Pickup today",
    "delivery": "Delivery today",
    "shipping": "Shipping, arrives tomorrow"
  },
  {
    "ioId": "2NLRQG2C606T",
    "linkIdentifier": "441315197",
    "text": "Dolce & Gabbana Light Blue Eau De Toilette, Perfume for Women, 3.3 oz",
    "href": "/ip/Dolce-Gabbana-Light-Blue-Eau-De-Toilette-Perfume-for-Women-3-3-oz/441315197?classType=REGULAR&athbdg=L1700&selectedSellerId=2284",
    "currentPrice": "current price Now $52.19",
    "pricePerOz": "$108.00",
    "pickup": "Free shipping, arrives in 3+ days",
    "delivery": "N/A",
    "shipping": "N/A"
  },
  {
    "ioId": "1FSYRYZ3SXM6",
    "linkIdentifier": "1025093518",
    "text": "Mainstays Grey Performance Foam 20\"x 32\" Bath Rug",
    "href": "/ip/Mainstays-Grey-Performance-Foam-20-x-32-Bath-Rug/1025093518?classType=VARIANT&selectedSellerId=0",
    "currentPrice": "current price $15.98",
    "pricePerOz": "N/A",
    "pickup": "Pickup today",
    "delivery": "Delivery today",
    "shipping": "Shipping, arrives tomorrow"
  },
  {
    "ioId": "6AYR802MIN6V",
    "linkIdentifier": "55505500",
    "text": "Cosco Kids Simple Fold Full Size High Chair with Adjustable Tray, Spritz",
    "href": "/ip/Cosco-Kids-Simple-Fold-Full-Size-High-Chair-with-Adjustable-Tray-Spritz/55505500?classType=VARIANT&selectedSellerId=3731",
    "currentPrice": "current price $49.99",
    "pricePerOz": "N/A",
    "pickup": "Free shipping, arrives in 3+ days",
    "delivery": "N/A",
    "shipping": "N/A"
  },
  {
    "ioId": "2SOKI0W0L4BL",
    "linkIdentifier": "111569385",
    "text": "Mobil 1 Extended Performance High Mileage Full Synthetic Motor Oil 5W-30, 5 Quart",
    "href": "/ip/Mobil-1-Extended-Performance-High-Mileage-Full-Synthetic-Motor-Oil-5W-30-5-Quart/111569385?classType=VARIANT&selectedSellerId=0",
    "currentPrice": "current price $29.97",
    "pricePerOz": "N/A",
    "pickup": "Pickup today",
    "delivery": "Delivery today",
    "shipping": "Shipping, arrives tomorrow"
  },
  {
    "ioId": "5HO4FW9LT1WJ",
    "linkIdentifier": "138766022",
    "text": "Mainstays Space-Saving Collapsible Bamboo Laundry Clothes Drying Rack",
    "href": "/ip/Mainstays-Space-Saving-Collapsible-Bamboo-Laundry-Drying-Rack/138766022?classType=REGULAR&selectedSellerId=0",
    "currentPrice": "current price $14.88",
    "pricePerOz": "N/A",
    "pickup": "Pickup at a nearby store",
    "delivery": "Shipping, arrives tomorrow",
    "shipping": "N/A"
  },
  {
    "ioId": "0XTA9MKN48WL",
    "linkIdentifier": "386149804",
    "text": "Athletic Works Women's and Women's Plus Active Dri-Works Capri Leggings, Sizes S-5X",
    "href": "/ip/Athletic-Works-Women-s-and-Women-s-Plus-Active-Dri-Works-Capri-Leggings-Sizes-S-5X/386149804?classType=VARIANT&athbdg=L1400&selectedSellerId=0",
    "currentPrice": "current price Now $4.99",
    "pricePerOz": "$11.96",
    "pickup": "Shipping, arrives in 3+ days",
    "delivery": "N/A",
    "shipping": "N/A"
  },
  {
    "ioId": "1MT7LMVI1DDF",
    "linkIdentifier": "181929162",
    "text": "Disney Frozen Toddler Girl Low Heel Dress Up Shoes",
    "href": "/ip/Disney-Frozen-Toddler-Girl-Low-Heel-Dress-Up-Shoes/181929162?classType=VARIANT&selectedSellerId=0",
    "currentPrice": "current price $16.98",
    "pricePerOz": "N/A",
    "pickup": "Pickup today",
    "delivery": "Delivery today",
    "shipping": "Shipping, arrives tomorrow"
  },
  {
    "ioId": "5SSDLXQDGC4H",
    "linkIdentifier": "777300278",
    "text": "Reebok Girls Seamless Boyshort Panties, 5-Pack",
    "href": "/ip/Reebok-Girls-Seamless-Boyshort-Panties-5-Pack/777300278?classType=VARIANT&selectedSellerId=0",
    "currentPrice": "current price $12.00",
    "pricePerOz": "N/A",
    "pickup": "Pickup today",
    "delivery": "Delivery today",
    "shipping": "Shipping, arrives tomorrow"
  },
  {
    "ioId": "1Z1LI50DHUTS",
    "linkIdentifier": "842178551",
    "text": "Athletic Works Men's Quick Dry Performance Stretch Boxer Briefs, 6 Pack",
    "href": "/ip/Athletic-Works-Men-s-Quick-Dry-Performance-Stretch-Boxer-Briefs-6-Pack/842178551?classType=VARIANT&selectedSellerId=0",
    "currentPrice": "current price $18.98",
    "pricePerOz": "$3.16/ea",
    "pickup": "Pickup today",
    "delivery": "Delivery today",
    "shipping": "Shipping, arrives tomorrow"
  },
  {
    "ioId": "577IGQQPH4UX",
    "linkIdentifier": "38445805",
    "text": "Blackstone Original 36\" Griddle Soft Cover - 67\" L x 27\" W x 25\" H",
    "href": "/ip/Blackstone-36-Griddle-Grill-Soft-Cover-with-UV-Protection/38445805?classType=REGULAR&selectedSellerId=0",
    "currentPrice": "current price Now $24.29",
    "pricePerOz": "$43.93",
    "pickup": "Pickup today",
    "delivery": "Delivery today",
    "shipping": "Shipping, arrives tomorrow"
  },
  {
    "ioId": "3BJ4S7VI5A8M",
    "linkIdentifier": "4029710",
    "text": "Hot Wheels Set of 20 Toy Sports & Race Cars in 1:64 Scale, Collectible Vehicles (Styles May Vary)",
    "href": "/ip/Hot-Wheels-Set-of-20-Toy-Sports-Race-Cars-in-1-64-Scale-Collectible-Vehicles-Styles-May-Vary/4029710?classType=REGULAR&selectedSellerId=0",
    "currentPrice": "current price Now $21.37",
    "pricePerOz": "$24.99",
    "pickup": "Pickup today",
    "delivery": "Delivery today",
    "shipping": "Shipping, arrives tomorrow"
  },
  {
    "ioId": "21UA69QS1GVO",
    "linkIdentifier": "805964635",
    "text": "Levi Strauss Signature Men's and Big and Tall Athletic Fit Jeans",
    "href": "/ip/Signature-by-Levi-Strauss-Co-Men-s-and-Big-and-Tall-Athletic-Fit-Jeans/805964635?classType=VARIANT&selectedSellerId=0",
    "currentPrice": "current price $23.98",
    "pricePerOz": "N/A",
    "pickup": "Pickup today",
    "delivery": "Delivery today",
    "shipping": "Shipping, arrives tomorrow"
  },
  {
    "ioId": "793EQHTTVU4K",
    "linkIdentifier": "266049750",
    "text": "Astroglide X, Premium Waterproof Silicone Personal Lubricant - 5 oz",
    "href": "/ip/Astroglide-X-Premium-Silicone-Personal-Lubricant-5oz-Extra-Long-Lasting-Silky-Lube-Hypoallergenic-No-Parabens-Glycerin-Waterproof-Water-Play-Anal-Saf/266049750?classType=VARIANT&selectedSellerId=0",
    "currentPrice": "current price $16.42",
    "pricePerOz": "$3.28/fl oz",
    "pickup": "Pickup today",
    "delivery": "Delivery today",
    "shipping": "Shipping, arrives tomorrow"
  },
  {
    "ioId": "7KR7RSMWLM9U",
    "linkIdentifier": "133400081",
    "text": "MegaRed Advanced 4in1 500mg Omega-3 Fish Krill Oil Supplements, Heart Brain Eyes Joints Health, 25 Softgels",
    "href": "/ip/MegaRed-Advanced-4-in-1-2x-Concentrated-Omega-500mg-25-Count/133400081?classType=REGULAR&selectedSellerId=0",
    "currentPrice": "current price $10.37",
    "pricePerOz": "41.5 ¢/count",
    "pickup": "Pickup today",
    "delivery": "Delivery today",
    "shipping": "Shipping, arrives tomorrow"
  },
  {
    "ioId": "7J7ELCVSUS81",
    "linkIdentifier": "852800507",
    "text": "Mainstays Soft Terry Waterproof Fitted Mattress Protector, Queen",
    "href": "/ip/Mainstays-Soft-Terry-Waterproof-Fitted-Mattress-Protector-Queen/852800507?classType=VARIANT&selectedSellerId=0",
    "currentPrice": "current price $25.94",
    "pricePerOz": "N/A",
    "pickup": "Pickup today",
    "delivery": "Delivery today",
    "shipping": "Shipping, arrives tomorrow"
  },
  {
    "ioId": "7L0RYD9T1AJO",
    "linkIdentifier": "1726363166",
    "text": "Brita Large 10 Cup White Tahoe Water Filter Pitcher with 1 Standard Filter, Made Without BPA",
    "href": "/ip/Brita-Large-10-Cup-White-Tahoe-Water-Filter-Pitcher-with-1-Standard-Filter-Made-Without-BPA/1726363166?classType=VARIANT&selectedSellerId=0",
    "currentPrice": "current price $31.48",
    "pricePerOz": "N/A",
    "pickup": "Pickup today",
    "delivery": "Delivery today",
    "shipping": "Shipping, arrives tomorrow"
  },
  {
    "ioId": "6S1UA2W6ZSW3",
    "linkIdentifier": "1282171704",
    "text": "Scrubstar Unisex Core Essentials V-Neck Scrub Top, Sizes XS-3XL",
    "href": "/ip/Scrubstar-Unisex-Core-Essentials-V-Neck-Scrub-Top-WM03T921/1282171704?classType=VARIANT&selectedSellerId=0",
    "currentPrice": "current price $13.96",
    "pricePerOz": "N/A",
    "pickup": "Pickup at a nearby store",
    "delivery": "Shipping, arrives tomorrow",
    "shipping": "N/A"
  },
  {
    "ioId": "5SMWV91JN04M",
    "linkIdentifier": "51643219",
    "text": "Grease Monkey Nitrile Disposable Gloves, Latex Free, Touchscreen, Black, Large, 50 Pack",
    "href": "/ip/Grease-Monkey-Gorilla-Grip-Nitrile-Disposable-Glove-50-Count/51643219?classType=REGULAR&selectedSellerId=0",
    "currentPrice": "current price $10.12",
    "pricePerOz": "20.2 ¢/ea",
    "pickup": "Pickup today",
    "delivery": "Delivery today",
    "shipping": "Shipping, arrives tomorrow"
  },
  {
    "ioId": "19MVO5X0REY2",
    "linkIdentifier": "556950967",
    "text": "Mainstays One Step Folding Step Stool, Black Plastic",
    "href": "/ip/Mainstays-One-Step-Folding-Step-Stool-Black-Plastic/556950967?classType=REGULAR&selectedSellerId=0",
    "currentPrice": "current price $12.88",
    "pricePerOz": "N/A",
    "pickup": "Pickup today",
    "delivery": "Delivery today",
    "shipping": "Shipping, arrives tomorrow"
  },
  {
    "ioId": "1BDX40PEIZQ2",
    "linkIdentifier": "1384125653",
    "text": "Wonder Nation Toddler Boys Brief Underwear, Sizes 2T-4T, 10 Pieces",
    "href": "/ip/Wonder-Nation-Toddler-Boys-Brief-Underwear-10-Pack-Sizes-2T-4T/1384125653?classType=VARIANT&selectedSellerId=0",
    "currentPrice": "current price $10.98",
    "pricePerOz": "$1.10/ea",
    "pickup": "Pickup at a nearby store",
    "delivery": "Shipping, arrives tomorrow",
    "shipping": "N/A"
  },
  {
    "ioId": "41XE6EYPGZAF",
    "linkIdentifier": "21348483",
    "text": "Climate Concepts Men's and Big Men's Fleece Cargo Pocket Sweatpants, Sizes S-5XL",
    "href": "/ip/Climate-Concepts-Men-s-and-Big-Men-s-Fleece-Cargo-Pocket-Sweatpants-Sizes-S-5XL/21348483?classType=VARIANT&athbdg=L1300&selectedSellerId=0",
    "currentPrice": "current price Now $13.29",
    "pricePerOz": "$15.96",
    "pickup": "Shipping, arrives tomorrow",
    "delivery": "N/A",
    "shipping": "N/A"
  },
  {
    "ioId": "2GLAZ18F3ZTP",
    "linkIdentifier": "403462222",
    "text": "Mainstays 18 Piece 100% Cotton Towel Set, 4 Bath , 4 Hand and 10 Washcloths, Super Soft and Highly Absorbent Basic Solid Towel Set for Bathroom, Hotels, Spa and Gym – Aqua",
    "href": "/ip/Mainstays-Basic-Solid-18-Piece-Bath-Towel-Set-Collection-Aqua/403462222?classType=VARIANT&selectedSellerId=0",
    "currentPrice": "current price $32.97",
    "pricePerOz": "N/A",
    "pickup": "Shipping, arrives tomorrow",
    "delivery": "N/A",
    "shipping": "N/A"
  },
  {
    "ioId": "77IUMD7IB487",
    "linkIdentifier": "822760310",
    "text": "Head and Shoulders Men's Dandruff Shampoo, Sandalwood, 12.5 fl oz",
    "href": "/ip/Head-and-Shoulders-Men-s-Dandruff-Shampoo-Sandalwood-12-5-fl-oz/822760310?classType=VARIANT&selectedSellerId=0",
    "currentPrice": "current price $5.94",
    "pricePerOz": "47.5 ¢/fl oz",
    "pickup": "Pickup today",
    "delivery": "Delivery today",
    "shipping": "Shipping, arrives tomorrow"
  },
  {
    "ioId": "2JZD39XUFKWR",
    "linkIdentifier": "667622212",
    "text": "Levi Strauss Signature Men’s and Big and Tall Slim Fit Jeans",
    "href": "/ip/Signature-by-Levi-Strauss-Co-Men-s-Slim-Fit-Jeans/667622212?classType=VARIANT&selectedSellerId=0",
    "currentPrice": "current price $23.98",
    "pricePerOz": "N/A",
    "pickup": "Pickup today",
    "delivery": "Delivery today",
    "shipping": "Shipping, arrives tomorrow"
  },
  {
    "ioId": "3RJH3W9L8J4D",
    "linkIdentifier": "825843107",
    "text": "Pocket Juice Slim Pro 20,000mAh, Portable Power Bank and Charger with Dual USB Ports, Black",
    "href": "/ip/Pocket-Juice-Slim-Pro-20-000mAh-Portable-Power-Bank-and-Charger-with-Dual-USB-Ports-Black/825843107?classType=REGULAR&selectedSellerId=0",
    "currentPrice": "current price $19.88",
    "pricePerOz": "N/A",
    "pickup": "Pickup at a nearby store",
    "delivery": "Shipping, arrives tomorrow",
    "shipping": "N/A"
  },
  {
    "ioId": "4Y9PDGKM22WM",
    "linkIdentifier": "873361",
    "text": "Playtex 18 Hour Ultimate Shoulder Comfort Bra White 44DD Women's",
    "href": "/ip/Playtex-Women-s-18-Hour-Original-Comfort-Strap-Wirefree-Bra-Style-4693/873361?classType=VARIANT&selectedSellerId=0",
    "currentPrice": "current price Now $14.99",
    "pricePerOz": "$17.99",
    "pickup": "Pickup at a nearby store",
    "delivery": "Shipping, arrives tomorrow",
    "shipping": "N/A"
  },
  {
    "ioId": "44YS141O8UYC",
    "linkIdentifier": "786164277",
    "text": "Colgate Optic White Overnight Teeth Whitening Gel Pen, 21 Whitening Treatments, 0.08 oz",
    "href": "/ip/Colgate-Optic-White-Overnight-Teeth-Whitening-Gel-Pen/786164277?classType=REGULAR&selectedSellerId=0",
    "currentPrice": "current price Now $19.97",
    "pricePerOz": "$24.99",
    "pickup": "Pickup today",
    "delivery": "Delivery today",
    "shipping": "Shipping, arrives tomorrow"
  },
  {
    "ioId": "2BBP6S86LECJ",
    "linkIdentifier": "23569739",
    "text": "Simple Green All-Purpose Cleaner Concentrate, Original, 128 fl. oz",
    "href": "/ip/Simple-Green-All-Purpose-Cleaner-Concentrate-1-Gal/23569739?classType=VARIANT&selectedSellerId=0",
    "currentPrice": "current price $10.00",
    "pricePerOz": "N/A",
    "pickup": "Pickup at a nearby store",
    "delivery": "Shipping, arrives tomorrow",
    "shipping": "N/A"
  },
  {
    "ioId": "7BQDSXKQYXUW",
    "linkIdentifier": "2042653386",
    "text": "Mainstays 3-Tier Plastic Multi-Purpose Rolling Laundry Cart, Arctic White, Case Pack 1",
    "href": "/ip/Mainstays-3-Tier-Plastic-Multi-Purpose-Rolling-Laundry-Cart-Arctic-White-Case-Pack-1/2042653386?classType=VARIANT&selectedSellerId=0",
    "currentPrice": "current price $14.98",
    "pricePerOz": "N/A",
    "pickup": "Pickup at a nearby store",
    "delivery": "Shipping, arrives tomorrow",
    "shipping": "N/A"
  }
]