web-scraper-order,web-scraper-start-url,product_id
"1739921083-1","https://www.walmart.com/browse/pets/cat-treats/5440_202073_6005312","<div role=""group"" data-item-id=""1YB3CRKP7KZO"" class=""sans-serif mid-gray relative flex flex-column w-100 hide-child-opacity""><a link-identifier=""166606227"" class=""w-100 h-100 z-1 hide-sibling-opacity  absolute"" target="""" href=""/ip/Temptations-Birthday-Lobster-And-Beef-Flavor-Crunchy-Soft-Treats-For-Cats-6-3-Oz-Pouch-10-Pack/166606227?classType=VARIANT&amp;athbdg=L1103""><span class=""w_iUH7"">Temptations Birthday Lobster and Beef Flavor Crunchy Soft Treats for Cats, 6.3 oz Pouch (10 Pack)<!-- --> </span></a><div class="""" data-testid=""list-view""><div class=""""><div class=""""><div class=""h2 relative nowrap mb1""><span class=""w_yTSq w_vE7k b ph2 w_0aYG w_MwbK"" style=""border:1px solid #0071DC;background:#FFFFFF;color:#0071DC;border-radius:4px;box-shadow:none;font-weight:700"">In 200+ people's carts</span></div><div class=""relative""><div class=""relative overflow-hidden"" style=""max-width:290px;height:0;padding-bottom:min(290px, 100%);align-self:center;width:min(290px, 100%)""><span><button type=""button"" class=""bg-white pointer pa0 black bn mt1 mr1 pa1 br4 absolute top-0 right-0 z-2"" data-automation-id=""heart-item"" aria-label=""Sign in to add to Favorites list, Temptations Birthday Lobster and Beef Flavor Crunchy Soft Treats for Cats, 6.3 oz Pouch (10 Pack)"" style=""width: 32px; height: 32px;""><i class=""ld ld-Heart  "" aria-hidden=""true"" style=""font-size: 1.5rem; vertical-align: -0.25em; padding-top: 1px; width: 1.5rem; height: 1.5rem; box-sizing: content-box;""></i></button></span><img loading=""eager"" src=""https://i5.walmartimages.com/seo/Temptations-Birthday-Lobster-And-Beef-Flavor-Crunchy-Soft-Treats-For-Cats-6-3-Oz-Pouch-10-Pack_b2000529-c35b-45d4-a0b7-330a1af18d6e.9688d060b7839cb1b3baeafec34fd4d0.jpeg?odnHeight=580&amp;odnWidth=580&amp;odnBg=FFFFFF"" id=""is-0-productImage-0"" width="""" height="""" class=""absolute top-0 left-0"" data-testid=""productTileImage"" alt=""Temptations Birthday Lobster and Beef Flavor Crunchy Soft Treats for Cats, 6.3 oz Pouch (10 Pack)""></div><div class=""z-2 relative mt3""><div class=""relative dib flex-row-reverse"" data-id=""1YB3CRKP7KZO""><button class=""w_hhLG w_8nsR w_jDfj pointer bn sans-serif b ph2 flex items-center justify-center w-auto shadow-1"" type=""button"" data-pcss-hide=""true"" data-automation-id=""add-to-cart"" aria-label=""Add to cart - Temptations Birthday Lobster and Beef Flavor Crunchy Soft Treats for Cats, 6.3 oz Pouch (10 Pack)""><i class=""ld ld-Plus"" style=""font-size:1.5rem;vertical-align:-0.25em;width:1.5rem;height:1.5rem;box-sizing:content-box"" title=""add to cart""></i><span class=""mr2"">Add</span></button></div></div></div><div class=""nt2"" style=""height:24px"" data-testid=""variant-1YB3CRKP7KZO""></div></div><div class=""""><div data-automation-id=""product-price"" class=""flex flex-wrap justify-start items-center lh-title mb1""><div class=""mr1 mr2-xl b black lh-solid f5 f4-l"" aria-hidden=""true""><span class=""f3""></span><span class=""f6 f5-l"" style=""vertical-align:0.65ex;margin-right:2px"">$</span><span class=""f2"">3</span><span class=""f6 f5-l"" style=""vertical-align:0.75ex"">98</span></div><span class=""w_iUH7"">current price $3.98</span><div class=""gray mr1 f6 f5-l flex items-end mt1"">63.2 ¢/oz</div></div><span class=""w_V_DM"" style=""-webkit-line-clamp: 3; padding-bottom: 0.100071em; margin-bottom: -0.100071em;""><span data-automation-id=""product-title"" class=""normal dark-gray mb0 mt1 lh-title f6 f5-l lh-copy"">Temptations Birthday Lobster and Beef Flavor Crunchy Soft Treats for Cats, 6.3 oz Pouch (10 Pack)</span></span><div class=""flex items-center mt2""><span class=""black inline-flex mr1"" data-testid=""product-ratings"" data-value=""4.8""><i class=""ld ld-StarFill"" style=""font-size:12px;vertical-align:-0.175em;width:12px;height:12px;box-sizing:content-box"" aria-hidden=""true""></i><i class=""ld ld-StarFill"" style=""font-size:12px;vertical-align:-0.175em;width:12px;height:12px;box-sizing:content-box"" aria-hidden=""true""></i><i class=""ld ld-StarFill"" style=""font-size:12px;vertical-align:-0.175em;width:12px;height:12px;box-sizing:content-box"" aria-hidden=""true""></i><i class=""ld ld-StarFill"" style=""font-size:12px;vertical-align:-0.175em;width:12px;height:12px;box-sizing:content-box"" aria-hidden=""true""></i><i class=""ld ld-StarFill"" style=""font-size:12px;vertical-align:-0.175em;width:12px;height:12px;box-sizing:content-box"" aria-hidden=""true""></i></span><span class=""sans-serif gray f7"" aria-hidden=""true"" data-testid=""product-reviews"" data-value=""3211"">3211</span><span class=""w_iUH7"">4.8 out of 5 Stars. 3211 reviews</span></div><div></div><div class=""flex items-center mt2 mb1""><div class=""f7 mr1 blue b lh-copy"">Save with</div><img loading=""lazy"" class=""flex"" src=""//i5.walmartimages.com/dfw/63fd9f59-ac39/29c6759d-7f14-49fa-bd3a-b870eb4fb8fb/v1/wplus-icon-blue.svg"" alt=""Walmart Plus"" height=""20"" width=""auto""></div><div class=""mt2"" data-automation-id=""fulfillment-badge""><div class=""f7 flex self-baseline dark-gray""><div>Pickup <span class=""b"">today</span></div></div><div class=""f7 flex self-baseline dark-gray""><div>Delivery <span class=""b"">today</span></div></div><div class=""f7 flex self-baseline dark-gray""><div>Shipping, arrives <span class=""b"">tomorrow</span></div></div></div></div></div></div></div>"
"1739921083-2","https://www.walmart.com/browse/pets/cat-treats/5440_202073_6005312","<div role=""group"" data-item-id=""1VQE25R9440X"" class=""sans-serif mid-gray relative flex flex-column w-100 hide-child-opacity""><a link-identifier=""175331571"" class=""w-100 h-100 z-1 hide-sibling-opacity  absolute"" target="""" href=""/ip/Hartz-Delectable-Squeeze-Up-Chicken-4-Count-Cats/175331571?classType=REGULAR&amp;athbdg=L1102""><span class=""w_iUH7"">Hartz Delectables Squeeze Up Lickable Wet Cat Treats, Chicken, 2oz, 4 Pack<!-- --> </span></a><div class="""" data-testid=""list-view""><div class=""""><div class=""""><div class=""h2 relative nowrap mb1""><span class=""w_yTSq w_vE7k b ph2 w_0aYG w_MwbK"" style=""border:1px solid #0071DC;background:#FFFFFF;color:#0071DC;border-radius:4px;box-shadow:none;font-weight:700"">500+ bought since yesterday</span></div><div class=""relative""><div class=""relative overflow-hidden"" style=""max-width:290px;height:0;padding-bottom:min(290px, 100%);align-self:center;width:min(290px, 100%)""><span><button type=""button"" class=""bg-white pointer pa0 black bn mt1 mr1 pa1 br4 absolute top-0 right-0 z-2"" data-automation-id=""heart-item"" aria-label=""Sign in to add to Favorites list, Hartz Delectables Squeeze Up Lickable Wet Cat Treats, Chicken, 2oz, 4 Pack"" style=""width: 32px; height: 32px;""><i class=""ld ld-Heart  "" aria-hidden=""true"" style=""font-size: 1.5rem; vertical-align: -0.25em; padding-top: 1px; width: 1.5rem; height: 1.5rem; box-sizing: content-box;""></i></button></span><img loading=""eager"" src=""https://i5.walmartimages.com/seo/Hartz-Delectable-Squeeze-Up-Chicken-4-Count-Cats_a208f8ed-56d4-4492-b767-bce32251691f.1402604004bc032a38eb0bfb6b3dfad8.jpeg?odnHeight=580&amp;odnWidth=580&amp;odnBg=FFFFFF"" id=""is-0-productImage-1"" width="""" height="""" class=""absolute top-0 left-0"" data-testid=""productTileImage"" alt=""Hartz Delectables Squeeze Up Lickable Wet Cat Treats, Chicken, 2oz, 4 Pack""></div><div class=""z-2 relative mt3""><div class=""relative dib flex-row-reverse"" data-id=""1VQE25R9440X""><button class=""w_hhLG w_8nsR w_jDfj pointer bn sans-serif b ph2 flex items-center justify-center w-auto shadow-1"" type=""button"" data-pcss-hide=""true"" data-automation-id=""add-to-cart"" aria-label=""Add to cart - Hartz Delectables Squeeze Up Lickable Wet Cat Treats, Chicken, 2oz, 4 Pack""><i class=""ld ld-Plus"" style=""font-size:1.5rem;vertical-align:-0.25em;width:1.5rem;height:1.5rem;box-sizing:content-box"" title=""add to cart""></i><span class=""mr2"">Add</span></button></div></div></div><div class=""nt2"" style=""height:24px"" data-testid=""variant-1VQE25R9440X""></div></div><div class=""""><div data-automation-id=""product-price"" class=""flex flex-wrap justify-start items-center lh-title mb1""><div class=""mr1 mr2-xl b black lh-solid f5 f4-l"" aria-hidden=""true""><span class=""f3""></span><span class=""f6 f5-l"" style=""vertical-align:0.65ex;margin-right:2px"">$</span><span class=""f2"">2</span><span class=""f6 f5-l"" style=""vertical-align:0.75ex"">57</span></div><span class=""w_iUH7"">current price $2.57</span><div class=""gray mr1 f6 f5-l flex items-end mt1"">$1.29/oz</div></div><span class=""w_V_DM"" style=""-webkit-line-clamp: 3; padding-bottom: 0.100071em; margin-bottom: -0.100071em;""><span data-automation-id=""product-title"" class=""normal dark-gray mb0 mt1 lh-title f6 f5-l lh-copy"">Hartz Delectables Squeeze Up Lickable Wet Cat Treats, Chicken, 2oz, 4 Pack</span></span><div class=""flex items-center mt2""><span class=""black inline-flex mr1"" data-testid=""product-ratings"" data-value=""4.8""><i class=""ld ld-StarFill"" style=""font-size:12px;vertical-align:-0.175em;width:12px;height:12px;box-sizing:content-box"" aria-hidden=""true""></i><i class=""ld ld-StarFill"" style=""font-size:12px;vertical-align:-0.175em;width:12px;height:12px;box-sizing:content-box"" aria-hidden=""true""></i><i class=""ld ld-StarFill"" style=""font-size:12px;vertical-align:-0.175em;width:12px;height:12px;box-sizing:content-box"" aria-hidden=""true""></i><i class=""ld ld-StarFill"" style=""font-size:12px;vertical-align:-0.175em;width:12px;height:12px;box-sizing:content-box"" aria-hidden=""true""></i><i class=""ld ld-StarFill"" style=""font-size:12px;vertical-align:-0.175em;width:12px;height:12px;box-sizing:content-box"" aria-hidden=""true""></i></span><span class=""sans-serif gray f7"" aria-hidden=""true"" data-testid=""product-reviews"" data-value=""1528"">1528</span><span class=""w_iUH7"">4.8 out of 5 Stars. 1528 reviews</span></div><div></div><div class=""flex items-center mt2 mb1""><div class=""f7 mr1 blue b lh-copy"">Save with</div><img loading=""lazy"" class=""flex"" src=""//i5.walmartimages.com/dfw/63fd9f59-ac39/29c6759d-7f14-49fa-bd3a-b870eb4fb8fb/v1/wplus-icon-blue.svg"" alt=""Walmart Plus"" height=""20"" width=""auto""></div><div class=""mt2"" data-automation-id=""fulfillment-badge""><div class=""f7 flex self-baseline dark-gray""><div>Pickup <span class=""b"">today</span></div></div><div class=""f7 flex self-baseline dark-gray""><div>Delivery <span class=""b"">today</span></div></div><div class=""f7 flex self-baseline dark-gray""><div>Shipping, arrives <span class=""b"">tomorrow</span></div></div></div></div></div></div></div>"
"1739921083-3","https://www.walmart.com/browse/pets/cat-treats/5440_202073_6005312","<div role=""group"" data-item-id=""4WQJ6ZRK6O7D"" class=""sans-serif mid-gray relative flex flex-column w-100 hide-child-opacity""><a link-identifier=""2212146614"" class=""w-100 h-100 z-1 hide-sibling-opacity  absolute"" target="""" href=""/ip/Inaba-Churu-Creamy-Lickable-Wet-Cat-Treats-0-5-oz-40-Tubes-Chicken-Variety/2212146614?classType=REGULAR&amp;athbdg=L1600""><span class=""w_iUH7"">Inaba Churu Creamy, Lickable Wet Cat Treats, 0.5 oz, 40 Tubes, Chicken Variety<!-- --> </span></a><div class="""" data-testid=""list-view""><div class=""""><div class=""""><div class=""h2 relative nowrap mb1""><span class=""w_VbBP w_mFV6 w_I_19 w_3oNC w_AAn7 tag-leading-badge absolute"" style=""background:#E6F1FC;color:#004F9A;border-radius:4px;font-weight:700"">Best seller</span></div><div class=""relative""><div class=""relative overflow-hidden"" style=""max-width:290px;height:0;padding-bottom:min(290px, 100%);align-self:center;width:min(290px, 100%)""><span><button type=""button"" class=""bg-white pointer pa0 black bn mt1 mr1 pa1 br4 absolute top-0 right-0 z-2"" data-automation-id=""heart-item"" aria-label=""Sign in to add to Favorites list, Inaba Churu Creamy, Lickable Wet Cat Treats, 0.5 oz, 40 Tubes, Chicken Variety"" style=""width: 32px; height: 32px;""><i class=""ld ld-Heart  "" aria-hidden=""true"" style=""font-size: 1.5rem; vertical-align: -0.25em; padding-top: 1px; width: 1.5rem; height: 1.5rem; box-sizing: content-box;""></i></button></span><img loading=""eager"" src=""https://i5.walmartimages.com/seo/Inaba-Churu-Creamy-Lickable-Wet-Cat-Treats-0-5-oz-40-Tubes-Chicken-Variety_3b50b0ad-0e7a-4641-9cab-384142f200a6.51f01abd0fb423a2b5e2d8718ef5d911.jpeg?odnHeight=580&amp;odnWidth=580&amp;odnBg=FFFFFF"" id=""is-0-productImage-2"" width="""" height="""" class=""absolute top-0 left-0"" data-testid=""productTileImage"" alt=""Inaba Churu Creamy, Lickable Wet Cat Treats, 0.5 oz, 40 Tubes, Chicken Variety""></div><div class=""z-2 relative mt3""><div class=""relative dib flex-row-reverse"" data-id=""4WQJ6ZRK6O7D""><button class=""w_hhLG w_8nsR w_jDfj pointer bn sans-serif b ph2 flex items-center justify-center w-auto shadow-1"" type=""button"" data-pcss-hide=""true"" data-automation-id=""add-to-cart"" aria-label=""Add to cart - Inaba Churu Creamy, Lickable Wet Cat Treats, 0.5 oz, 40 Tubes, Chicken Variety""><i class=""ld ld-Plus"" style=""font-size:1.5rem;vertical-align:-0.25em;width:1.5rem;height:1.5rem;box-sizing:content-box"" title=""add to cart""></i><span class=""mr2"">Add</span></button></div></div></div><div class=""nt2"" style=""height:24px"" data-testid=""variant-4WQJ6ZRK6O7D""></div></div><div class=""""><div data-automation-id=""product-price"" class=""flex flex-wrap justify-start items-center lh-title mb1""><div class=""mr1 mr2-xl b black lh-solid f5 f4-l"" aria-hidden=""true""><span class=""f3""></span><span class=""f6 f5-l"" style=""vertical-align:0.65ex;margin-right:2px"">$</span><span class=""f2"">19</span><span class=""f6 f5-l"" style=""vertical-align:0.75ex"">98</span></div><span class=""w_iUH7"">current price $19.98</span><div class=""gray mr1 f6 f5-l flex items-end mt1"">99.9 ¢/oz</div></div><span class=""w_V_DM"" style=""-webkit-line-clamp: 3; padding-bottom: 0.100071em; margin-bottom: -0.100071em;""><span data-automation-id=""product-title"" class=""normal dark-gray mb0 mt1 lh-title f6 f5-l lh-copy"">Inaba Churu Creamy, Lickable Wet Cat Treats, 0.5 oz, 40 Tubes, Chicken Variety</span></span><div class=""flex items-center mt2""><span class=""black inline-flex mr1"" data-testid=""product-ratings"" data-value=""4.9""><i class=""ld ld-StarFill"" style=""font-size:12px;vertical-align:-0.175em;width:12px;height:12px;box-sizing:content-box"" aria-hidden=""true""></i><i class=""ld ld-StarFill"" style=""font-size:12px;vertical-align:-0.175em;width:12px;height:12px;box-sizing:content-box"" aria-hidden=""true""></i><i class=""ld ld-StarFill"" style=""font-size:12px;vertical-align:-0.175em;width:12px;height:12px;box-sizing:content-box"" aria-hidden=""true""></i><i class=""ld ld-StarFill"" style=""font-size:12px;vertical-align:-0.175em;width:12px;height:12px;box-sizing:content-box"" aria-hidden=""true""></i><i class=""ld ld-StarFill"" style=""font-size:12px;vertical-align:-0.175em;width:12px;height:12px;box-sizing:content-box"" aria-hidden=""true""></i></span><span class=""sans-serif gray f7"" aria-hidden=""true"" data-testid=""product-reviews"" data-value=""1791"">1791</span><span class=""w_iUH7"">4.9 out of 5 Stars. 1791 reviews</span></div><div></div><div class=""flex items-center mt2 mb1""><div class=""f7 mr1 blue b lh-copy"">Save with</div><img loading=""lazy"" class=""flex"" src=""//i5.walmartimages.com/dfw/63fd9f59-ac39/29c6759d-7f14-49fa-bd3a-b870eb4fb8fb/v1/wplus-icon-blue.svg"" alt=""Walmart Plus"" height=""20"" width=""auto""></div><div class=""mt2"" data-automation-id=""fulfillment-badge""><div class=""f7 flex self-baseline dark-gray""><div>Shipping, arrives <span class=""b"">tomorrow</span></div></div></div></div></div></div></div>"
"1739921083-4","https://www.walmart.com/browse/pets/cat-treats/5440_202073_6005312","<div role=""group"" data-item-id=""1H63TAAI1LAQ"" class=""sans-serif mid-gray relative flex flex-column w-100 hide-child-opacity""><a link-identifier=""119589902"" class=""w-100 h-100 z-1 hide-sibling-opacity  absolute"" target="""" href=""/ip/Sheba-Meaty-Tender-Stick-Salmon-Flavor-Stick-Treats-for-Cats-0-14-oz-Pouch-5-Pack/119589902?classType=VARIANT""><span class=""w_iUH7"">Sheba Meaty Tender Sticks Salmon Flavor Dry Cat Treats, 0.7 oz (5 Treats)<!-- --> </span></a><div class="""" data-testid=""list-view""><div class=""""><div class=""""><div class=""h2 relative nowrap mb1""></div><div class=""relative""><div class=""relative overflow-hidden"" style=""max-width:290px;height:0;padding-bottom:min(290px, 100%);align-self:center;width:min(290px, 100%)""><span><button type=""button"" class=""bg-white pointer pa0 black bn mt1 mr1 pa1 br4 absolute top-0 right-0 z-2"" data-automation-id=""heart-item"" aria-label=""Sign in to add to Favorites list, Sheba Meaty Tender Sticks Salmon Flavor Dry Cat Treats, 0.7 oz (5 Treats)"" style=""width: 32px; height: 32px;""><i class=""ld ld-Heart  "" aria-hidden=""true"" style=""font-size: 1.5rem; vertical-align: -0.25em; padding-top: 1px; width: 1.5rem; height: 1.5rem; box-sizing: content-box;""></i></button></span><img loading=""eager"" src=""https://i5.walmartimages.com/seo/Sheba-Meaty-Tender-Stick-Salmon-Flavor-Stick-Treats-for-Cats-0-14-oz-Pouch-5-Pack_c0e126fc-2c16-4255-abb0-9887c3405a91.3d808914c7e60d56b0a21262f25adeae.jpeg?odnHeight=580&amp;odnWidth=580&amp;odnBg=FFFFFF"" id=""is-0-productImage-3"" width="""" height="""" class=""absolute top-0 left-0"" data-testid=""productTileImage"" alt=""Sheba Meaty Tender Sticks Salmon Flavor Dry Cat Treats, 0.7 oz (5 Treats)""></div><div class=""z-2 relative mt3""><div class=""relative dib flex-row-reverse"" data-id=""1H63TAAI1LAQ""><a class=""w_hhLG w_8nsR w_jDfj pointer bn sans-serif b ph2 flex items-center justify-center w-auto shadow-1"" href=""/ip/Sheba-Meaty-Tender-Stick-Salmon-Flavor-Stick-Treats-for-Cats-0-14-oz-Pouch-5-Pack/119589902?classType=VARIANT"" data-pcss-hide=""true"" aria-label=""Options - Sheba Meaty Tender Sticks Salmon Flavor Dry Cat Treats, 0.7 oz (5 Treats)""><span class=""mh2"">Options</span></a></div></div></div><div class=""mt3 mb1"" style=""height:24px"" data-testid=""variant-1H63TAAI1LAQ""><div class=""f7 lh-solid tc h1 v-mid""><div aria-hidden=""true"" aria-labelledby=""variants-dynamic-1H63TAAI1LAQ"">+2 options</div><span class=""w_iUH7"" id=""variants-dynamic-1H63TAAI1LAQ"">Available in additional 2 options</span></div></div></div><div class=""""><div data-automation-id=""product-price"" class=""flex flex-wrap justify-start items-center lh-title mb0""><div class=""mr1 mr2-xl b black lh-solid f5 f4-l"" aria-hidden=""true""><span class=""f3""></span><span class=""f6 f5-l"" style=""vertical-align:0.65ex;margin-right:2px"">$</span><span class=""f2"">2</span><span class=""f6 f5-l"" style=""vertical-align:0.75ex"">12</span></div><span class=""w_iUH7"">current price $2.12</span><div class=""gray mr1 f6 f5-l flex items-end mt1"">$3.03/oz</div></div><div class=""f7 f6-l black mb2"">Options from $2.12 – $10.60</div><span class=""w_V_DM"" style=""-webkit-line-clamp: 3; padding-bottom: 0.100071em; margin-bottom: -0.100071em;""><span data-automation-id=""product-title"" class=""normal dark-gray mb0 mt1 lh-title f6 f5-l lh-copy"">Sheba Meaty Tender Sticks Salmon Flavor Dry Cat Treats, 0.7 oz (5 Treats)</span></span><div class=""flex items-center mt2""><span class=""black inline-flex mr1"" data-testid=""product-ratings"" data-value=""4.5""><i class=""ld ld-StarFill"" style=""font-size:12px;vertical-align:-0.175em;width:12px;height:12px;box-sizing:content-box"" aria-hidden=""true""></i><i class=""ld ld-StarFill"" style=""font-size:12px;vertical-align:-0.175em;width:12px;height:12px;box-sizing:content-box"" aria-hidden=""true""></i><i class=""ld ld-StarFill"" style=""font-size:12px;vertical-align:-0.175em;width:12px;height:12px;box-sizing:content-box"" aria-hidden=""true""></i><i class=""ld ld-StarFill"" style=""font-size:12px;vertical-align:-0.175em;width:12px;height:12px;box-sizing:content-box"" aria-hidden=""true""></i><i class=""ld ld-StarHalf"" style=""font-size:12px;vertical-align:-0.175em;width:12px;height:12px;box-sizing:content-box"" aria-hidden=""true""></i></span><span class=""sans-serif gray f7"" aria-hidden=""true"" data-testid=""product-reviews"" data-value=""4385"">4385</span><span class=""w_iUH7"">4.5 out of 5 Stars. 4385 reviews</span></div><div></div><div class=""flex items-center mt2 mb1""><div class=""f7 mr1 blue b lh-copy"">Save with</div><img loading=""lazy"" class=""flex"" src=""//i5.walmartimages.com/dfw/63fd9f59-ac39/29c6759d-7f14-49fa-bd3a-b870eb4fb8fb/v1/wplus-icon-blue.svg"" alt=""Walmart Plus"" height=""20"" width=""auto""></div><div class=""mt2"" data-automation-id=""fulfillment-badge""><div class=""f7 flex self-baseline dark-gray""><div>Pickup <span class=""b"">today</span></div></div><div class=""f7 flex self-baseline dark-gray""><div>Delivery <span class=""b"">today</span></div></div><div class=""f7 flex self-baseline dark-gray""><div>Shipping, arrives <span class=""b"">tomorrow</span></div></div></div></div></div></div></div>"
"1739921083-5","https://www.walmart.com/browse/pets/cat-treats/5440_202073_6005312","<div role=""group"" data-item-id=""3CVXEDTMB2T5"" class=""sans-serif mid-gray relative flex flex-column w-100 hide-child-opacity""><a link-identifier=""38026137"" class=""w-100 h-100 z-1 hide-sibling-opacity  absolute"" target="""" href=""/ip/Temptations-Mixups-Catnip-Fever-Flavor-Crunchy-And-Soft-Dry-Cat-Treats-6-3-Oz-Pouch/38026137?classType=VARIANT""><span class=""w_iUH7"">Temptations Mixups Catnip Fever Flavor Crunchy And Soft Dry Cat Treats, 6.3 Oz Pouch<!-- --> </span></a><div class="""" data-testid=""list-view""><div class=""""><div class=""""><div class=""relative""><div class=""relative overflow-hidden"" style=""max-width:290px;height:0;padding-bottom:min(290px, 100%);align-self:center;width:min(290px, 100%)""><span><button type=""button"" class=""bg-white pointer pa0 black bn mt1 mr1 pa1 br4 absolute top-0 right-0 z-2"" data-automation-id=""heart-item"" aria-label=""Sign in to add to Favorites list, Temptations Mixups Catnip Fever Flavor Crunchy And Soft Dry Cat Treats, 6.3 Oz Pouch"" style=""width: 32px; height: 32px;""><i class=""ld ld-Heart  "" aria-hidden=""true"" style=""font-size: 1.5rem; vertical-align: -0.25em; padding-top: 1px; width: 1.5rem; height: 1.5rem; box-sizing: content-box;""></i></button></span><img loading=""lazy"" srcset=""https://i5.walmartimages.com/seo/Temptations-Mixups-Catnip-Fever-Flavor-Crunchy-And-Soft-Dry-Cat-Treats-6-3-Oz-Pouch_4e721102-297c-4c13-83cd-b54daeb2ec07.ad06382f1bad0ad70177133e6bb4df01.jpeg?odnHeight=290&amp;odnWidth=290&amp;odnBg=FFFFFF 1x, https://i5.walmartimages.com/seo/Temptations-Mixups-Catnip-Fever-Flavor-Crunchy-And-Soft-Dry-Cat-Treats-6-3-Oz-Pouch_4e721102-297c-4c13-83cd-b54daeb2ec07.ad06382f1bad0ad70177133e6bb4df01.jpeg?odnHeight=580&amp;odnWidth=580&amp;odnBg=FFFFFF 2x"" src=""https://i5.walmartimages.com/seo/Temptations-Mixups-Catnip-Fever-Flavor-Crunchy-And-Soft-Dry-Cat-Treats-6-3-Oz-Pouch_4e721102-297c-4c13-83cd-b54daeb2ec07.ad06382f1bad0ad70177133e6bb4df01.jpeg?odnHeight=580&amp;odnWidth=580&amp;odnBg=FFFFFF"" id=""is-0-productImage-4"" width="""" height="""" class=""absolute top-0 left-0"" data-testid=""productTileImage"" alt=""Temptations Mixups Catnip Fever Flavor Crunchy And Soft Dry Cat Treats, 6.3 Oz Pouch""></div><div class=""z-2 relative mt3""><div class=""relative dib flex-row-reverse"" data-id=""3CVXEDTMB2T5""><a class=""w_hhLG w_8nsR w_jDfj pointer bn sans-serif b ph2 flex items-center justify-center w-auto shadow-1"" href=""/ip/Temptations-Mixups-Catnip-Fever-Flavor-Crunchy-And-Soft-Dry-Cat-Treats-6-3-Oz-Pouch/38026137?classType=VARIANT"" data-pcss-hide=""true"" aria-label=""Options - Temptations Mixups Catnip Fever Flavor Crunchy And Soft Dry Cat Treats, 6.3 Oz Pouch""><span class=""mh2"">Options</span></a></div></div></div><div class=""mt3 mb1"" style=""height:24px"" data-testid=""variant-3CVXEDTMB2T5""><div class=""f7 lh-solid tc h1 v-mid""><div aria-hidden=""true"" aria-labelledby=""variants-dynamic-3CVXEDTMB2T5"">+3 sizes</div><span class=""w_iUH7"" id=""variants-dynamic-3CVXEDTMB2T5"">Available in additional 3 sizes</span></div></div></div><div class=""""><div data-automation-id=""product-price"" class=""flex flex-wrap justify-start items-center lh-title mb0""><div class=""mr1 mr2-xl b black green lh-solid f5 f4-l"" aria-hidden=""true""><span class=""f3 mr1"">Now</span><span class=""f6 f5-l"" style=""vertical-align:0.65ex;margin-right:2px"">$</span><span class=""f2"">3</span><span class=""f6 f5-l"" style=""vertical-align:0.75ex"">98</span></div><span class=""w_iUH7"">current price Now $3.98</span><div class=""gray mr1 strike f6 f4-l flex items-end mt1"" aria-hidden=""true"">$28.00</div><span class=""w_iUH7"">Was $28.00</span><div class=""gray mr1 f6 f5-l flex items-end mt1"">63.2 ¢/oz</div></div><div class=""f7 f6-l black mb2"">Options from $3.98 – $16.21</div><span class=""w_V_DM"" style=""-webkit-line-clamp: 3; padding-bottom: 0.100071em; margin-bottom: -0.100071em;""><span data-automation-id=""product-title"" class=""normal dark-gray mb0 mt1 lh-title f6 f5-l lh-copy"">Temptations Mixups Catnip Fever Flavor Crunchy And Soft Dry Cat Treats, 6.3 Oz Pouch</span></span><div class=""flex items-center mt2""><span class=""black inline-flex mr1"" data-testid=""product-ratings"" data-value=""4.8""><i class=""ld ld-StarFill"" style=""font-size:12px;vertical-align:-0.175em;width:12px;height:12px;box-sizing:content-box"" aria-hidden=""true""></i><i class=""ld ld-StarFill"" style=""font-size:12px;vertical-align:-0.175em;width:12px;height:12px;box-sizing:content-box"" aria-hidden=""true""></i><i class=""ld ld-StarFill"" style=""font-size:12px;vertical-align:-0.175em;width:12px;height:12px;box-sizing:content-box"" aria-hidden=""true""></i><i class=""ld ld-StarFill"" style=""font-size:12px;vertical-align:-0.175em;width:12px;height:12px;box-sizing:content-box"" aria-hidden=""true""></i><i class=""ld ld-StarFill"" style=""font-size:12px;vertical-align:-0.175em;width:12px;height:12px;box-sizing:content-box"" aria-hidden=""true""></i></span><span class=""sans-serif gray f7"" aria-hidden=""true"" data-testid=""product-reviews"" data-value=""9992"">9992</span><span class=""w_iUH7"">4.8 out of 5 Stars. 9992 reviews</span></div><div></div><div class=""flex items-center mt2 mb1""><div class=""f7 mr1 blue b lh-copy"">Save with</div><img loading=""lazy"" class=""flex"" src=""//i5.walmartimages.com/dfw/63fd9f59-ac39/29c6759d-7f14-49fa-bd3a-b870eb4fb8fb/v1/wplus-icon-blue.svg"" alt=""Walmart Plus"" height=""20"" width=""auto""></div><div class=""mt2"" data-automation-id=""fulfillment-badge""><div class=""f7 flex self-baseline dark-gray""><div>Pickup <span class=""b"">today</span></div></div><div class=""f7 flex self-baseline dark-gray""><div>Delivery <span class=""b"">today</span></div></div><div class=""f7 flex self-baseline dark-gray""><div>Shipping, arrives <span class=""b"">tomorrow</span></div></div></div></div></div></div></div>"
"1739921083-6","https://www.walmart.com/browse/pets/cat-treats/5440_202073_6005312","<div role=""group"" data-item-id=""6EKW24CQ087A"" class=""sans-serif mid-gray relative flex flex-column w-100 hide-child-opacity""><a link-identifier=""369117877"" class=""w-100 h-100 z-1 hide-sibling-opacity  absolute"" target="""" href=""/ip/Delectables-Lickable-Cat-Treat-Bisque-Variety-Pack-12-Count/369117877?classType=VARIANT""><span class=""w_iUH7"">Delectables Lickable Cat Treats Bisque Variety Pack, 12 Count (16.8 oz.)<!-- --> </span></a><div class="""" data-testid=""list-view""><div class=""""><div class=""""><div class=""relative""><div class=""relative overflow-hidden"" style=""max-width:290px;height:0;padding-bottom:min(290px, 100%);align-self:center;width:min(290px, 100%)""><span><button type=""button"" class=""bg-white pointer pa0 black bn mt1 mr1 pa1 br4 absolute top-0 right-0 z-2"" data-automation-id=""heart-item"" aria-label=""Sign in to add to Favorites list, Delectables Lickable Cat Treats Bisque Variety Pack, 12 Count (16.8 oz.)"" style=""width: 32px; height: 32px;""><i class=""ld ld-Heart  "" aria-hidden=""true"" style=""font-size: 1.5rem; vertical-align: -0.25em; padding-top: 1px; width: 1.5rem; height: 1.5rem; box-sizing: content-box;""></i></button></span><img loading=""lazy"" srcset=""https://i5.walmartimages.com/seo/Delectables-Lickable-Cat-Treat-Bisque-Variety-Pack-12-Count_73d1da4f-275a-4732-8b5e-b741faf0bb8a.f301795b0ed6cb2dc7b82f92d9d20dac.jpeg?odnHeight=290&amp;odnWidth=290&amp;odnBg=FFFFFF 1x, https://i5.walmartimages.com/seo/Delectables-Lickable-Cat-Treat-Bisque-Variety-Pack-12-Count_73d1da4f-275a-4732-8b5e-b741faf0bb8a.f301795b0ed6cb2dc7b82f92d9d20dac.jpeg?odnHeight=580&amp;odnWidth=580&amp;odnBg=FFFFFF 2x"" src=""https://i5.walmartimages.com/seo/Delectables-Lickable-Cat-Treat-Bisque-Variety-Pack-12-Count_73d1da4f-275a-4732-8b5e-b741faf0bb8a.f301795b0ed6cb2dc7b82f92d9d20dac.jpeg?odnHeight=580&amp;odnWidth=580&amp;odnBg=FFFFFF"" id=""is-0-productImage-5"" width="""" height="""" class=""absolute top-0 left-0"" data-testid=""productTileImage"" alt=""Delectables Lickable Cat Treats Bisque Variety Pack, 12 Count (16.8 oz.)""></div><div class=""z-2 relative mt3""><div class=""relative dib flex-row-reverse"" data-id=""6EKW24CQ087A""><a class=""w_hhLG w_8nsR w_jDfj pointer bn sans-serif b ph2 flex items-center justify-center w-auto shadow-1"" href=""/ip/Delectables-Lickable-Cat-Treat-Bisque-Variety-Pack-12-Count/369117877?classType=VARIANT"" data-pcss-hide=""true"" aria-label=""Options - Delectables Lickable Cat Treats Bisque Variety Pack, 12 Count (16.8 oz.)""><span class=""mh2"">Options</span></a></div></div></div><div class=""mt3 mb1"" style=""height:24px"" data-testid=""variant-6EKW24CQ087A""><div class=""f7 lh-solid tc h1 v-mid""><div aria-hidden=""true"" aria-labelledby=""variants-dynamic-6EKW24CQ087A"">+4 options</div><span class=""w_iUH7"" id=""variants-dynamic-6EKW24CQ087A"">Available in additional 4 options</span></div></div></div><div class=""""><div data-automation-id=""product-price"" class=""flex flex-wrap justify-start items-center lh-title mb0""><div class=""mr1 mr2-xl b black lh-solid f5 f4-l"" aria-hidden=""true""><span class=""f3""></span><span class=""f6 f5-l"" style=""vertical-align:0.65ex;margin-right:2px"">$</span><span class=""f2"">13</span><span class=""f6 f5-l"" style=""vertical-align:0.75ex"">58</span></div><span class=""w_iUH7"">current price $13.58</span><div class=""gray mr1 f6 f5-l flex items-end mt1"">80.8 ¢/oz</div></div><div class=""f7 f6-l black mb2"">More options from $6.28</div><span class=""w_V_DM"" style=""-webkit-line-clamp: 3; padding-bottom: 0.100071em; margin-bottom: -0.100071em;""><span data-automation-id=""product-title"" class=""normal dark-gray mb0 mt1 lh-title f6 f5-l lh-copy"">Delectables Lickable Cat Treats Bisque Variety Pack, 12 Count (16.8 oz.)</span></span><div class=""flex items-center mt2""><span class=""black inline-flex mr1"" data-testid=""product-ratings"" data-value=""4.7""><i class=""ld ld-StarFill"" style=""font-size:12px;vertical-align:-0.175em;width:12px;height:12px;box-sizing:content-box"" aria-hidden=""true""></i><i class=""ld ld-StarFill"" style=""font-size:12px;vertical-align:-0.175em;width:12px;height:12px;box-sizing:content-box"" aria-hidden=""true""></i><i class=""ld ld-StarFill"" style=""font-size:12px;vertical-align:-0.175em;width:12px;height:12px;box-sizing:content-box"" aria-hidden=""true""></i><i class=""ld ld-StarFill"" style=""font-size:12px;vertical-align:-0.175em;width:12px;height:12px;box-sizing:content-box"" aria-hidden=""true""></i><i class=""ld ld-StarHalf"" style=""font-size:12px;vertical-align:-0.175em;width:12px;height:12px;box-sizing:content-box"" aria-hidden=""true""></i></span><span class=""sans-serif gray f7"" aria-hidden=""true"" data-testid=""product-reviews"" data-value=""3530"">3530</span><span class=""w_iUH7"">4.7 out of 5 Stars. 3530 reviews</span></div><div></div><div class=""flex items-center mt2 mb1""><div class=""f7 mr1 blue b lh-copy"">Save with</div><img loading=""lazy"" class=""flex"" src=""//i5.walmartimages.com/dfw/63fd9f59-ac39/29c6759d-7f14-49fa-bd3a-b870eb4fb8fb/v1/wplus-icon-blue.svg"" alt=""Walmart Plus"" height=""20"" width=""auto""></div><div class=""mt2"" data-automation-id=""fulfillment-badge""><div class=""f7 flex self-baseline dark-gray""><div>Pickup <span class=""b"">today</span></div></div><div class=""f7 flex self-baseline dark-gray""><div>Delivery <span class=""b"">today</span></div></div><div class=""f7 flex self-baseline dark-gray""><div>Shipping, arrives <span class=""b"">tomorrow</span></div></div></div></div></div></div></div>"
"1739921083-7","https://www.walmart.com/browse/pets/cat-treats/5440_202073_6005312","<div role=""group"" data-item-id=""2JL2HOTKW4WC"" class=""sans-serif mid-gray relative flex flex-column w-100 hide-child-opacity""><a link-identifier=""1504567566"" class=""w-100 h-100 z-1 hide-sibling-opacity  absolute"" target="""" href=""/ip/Hartz-Delectables-Squeeze-Up-Interactive-Lickable-Wet-Cat-Treat-Tuna-Salmon-0-5oz-Tube-4-Count/1504567566?classType=VARIANT""><span class=""w_iUH7"">Hartz Delectables Squeeze Up Interactive Lickable Wet Cat Treats Tuna &amp; Salmon, 0.5oz Tube (4 Count)<!-- --> </span></a><div class="""" data-testid=""list-view""><div class=""""><div class=""""><div class=""relative""><div class=""relative overflow-hidden"" style=""max-width:290px;height:0;padding-bottom:min(290px, 100%);align-self:center;width:min(290px, 100%)""><span><button type=""button"" class=""bg-white pointer pa0 black bn mt1 mr1 pa1 br4 absolute top-0 right-0 z-2"" data-automation-id=""heart-item"" aria-label=""Sign in to add to Favorites list, Hartz Delectables Squeeze Up Interactive Lickable Wet Cat Treats Tuna &amp; Salmon, 0.5oz Tube (4 Count)"" style=""width: 32px; height: 32px;""><i class=""ld ld-Heart  "" aria-hidden=""true"" style=""font-size: 1.5rem; vertical-align: -0.25em; padding-top: 1px; width: 1.5rem; height: 1.5rem; box-sizing: content-box;""></i></button></span><img loading=""lazy"" srcset=""https://i5.walmartimages.com/seo/Hartz-Delectables-Squeeze-Up-Interactive-Lickable-Wet-Cat-Treat-Tuna-Salmon-0-5oz-Tube-4-Count_f311a95b-2898-42db-9020-5232e2faea1e.7649afe9550338635a119e06d6481f5c.jpeg?odnHeight=290&amp;odnWidth=290&amp;odnBg=FFFFFF 1x, https://i5.walmartimages.com/seo/Hartz-Delectables-Squeeze-Up-Interactive-Lickable-Wet-Cat-Treat-Tuna-Salmon-0-5oz-Tube-4-Count_f311a95b-2898-42db-9020-5232e2faea1e.7649afe9550338635a119e06d6481f5c.jpeg?odnHeight=580&amp;odnWidth=580&amp;odnBg=FFFFFF 2x"" src=""https://i5.walmartimages.com/seo/Hartz-Delectables-Squeeze-Up-Interactive-Lickable-Wet-Cat-Treat-Tuna-Salmon-0-5oz-Tube-4-Count_f311a95b-2898-42db-9020-5232e2faea1e.7649afe9550338635a119e06d6481f5c.jpeg?odnHeight=580&amp;odnWidth=580&amp;odnBg=FFFFFF"" id=""is-0-productImage-6"" width="""" height="""" class=""absolute top-0 left-0"" data-testid=""productTileImage"" alt=""Hartz Delectables Squeeze Up Interactive Lickable Wet Cat Treats Tuna &amp; Salmon, 0.5oz Tube (4 Count)""></div><div class=""z-2 relative mt3""><div class=""relative dib flex-row-reverse"" data-id=""2JL2HOTKW4WC""><a class=""w_hhLG w_8nsR w_jDfj pointer bn sans-serif b ph2 flex items-center justify-center w-auto shadow-1"" href=""/ip/Hartz-Delectables-Squeeze-Up-Interactive-Lickable-Wet-Cat-Treat-Tuna-Salmon-0-5oz-Tube-4-Count/1504567566?classType=VARIANT"" data-pcss-hide=""true"" aria-label=""Options - Hartz Delectables Squeeze Up Interactive Lickable Wet Cat Treats Tuna &amp; Salmon, 0.5oz Tube (4 Count)""><span class=""mh2"">Options</span></a></div></div></div><div class=""mt3 mb1"" style=""height:24px"" data-testid=""variant-2JL2HOTKW4WC""><div class=""f7 lh-solid tc h1 v-mid""><div aria-hidden=""true"" aria-labelledby=""variants-dynamic-2JL2HOTKW4WC"">+2 options</div><span class=""w_iUH7"" id=""variants-dynamic-2JL2HOTKW4WC"">Available in additional 2 options</span></div></div></div><div class=""""><div data-automation-id=""product-price"" class=""flex flex-wrap justify-start items-center lh-title mb0""><div class=""mr1 mr2-xl b black lh-solid f5 f4-l"" aria-hidden=""true""><span class=""f3""></span><span class=""f6 f5-l"" style=""vertical-align:0.65ex;margin-right:2px"">$</span><span class=""f2"">2</span><span class=""f6 f5-l"" style=""vertical-align:0.75ex"">57</span></div><span class=""w_iUH7"">current price $2.57</span></div><div class=""f7 f6-l black mb2"">Options from $2.57 – $18.44</div><span class=""w_V_DM"" style=""-webkit-line-clamp: 3; padding-bottom: 0.100071em; margin-bottom: -0.100071em;""><span data-automation-id=""product-title"" class=""normal dark-gray mb0 mt1 lh-title f6 f5-l lh-copy"">Hartz Delectables Squeeze Up Interactive Lickable Wet Cat Treats Tuna &amp; Salmon, 0.5oz Tube (4 Count)</span></span><div class=""flex items-center mt2""><span class=""black inline-flex mr1"" data-testid=""product-ratings"" data-value=""4.7""><i class=""ld ld-StarFill"" style=""font-size:12px;vertical-align:-0.175em;width:12px;height:12px;box-sizing:content-box"" aria-hidden=""true""></i><i class=""ld ld-StarFill"" style=""font-size:12px;vertical-align:-0.175em;width:12px;height:12px;box-sizing:content-box"" aria-hidden=""true""></i><i class=""ld ld-StarFill"" style=""font-size:12px;vertical-align:-0.175em;width:12px;height:12px;box-sizing:content-box"" aria-hidden=""true""></i><i class=""ld ld-StarFill"" style=""font-size:12px;vertical-align:-0.175em;width:12px;height:12px;box-sizing:content-box"" aria-hidden=""true""></i><i class=""ld ld-StarHalf"" style=""font-size:12px;vertical-align:-0.175em;width:12px;height:12px;box-sizing:content-box"" aria-hidden=""true""></i></span><span class=""sans-serif gray f7"" aria-hidden=""true"" data-testid=""product-reviews"" data-value=""34866"">34866</span><span class=""w_iUH7"">4.7 out of 5 Stars. 34866 reviews</span></div><div></div><div class=""flex items-center mt2 mb1""><div class=""f7 mr1 blue b lh-copy"">Save with</div><img loading=""lazy"" class=""flex"" src=""//i5.walmartimages.com/dfw/63fd9f59-ac39/29c6759d-7f14-49fa-bd3a-b870eb4fb8fb/v1/wplus-icon-blue.svg"" alt=""Walmart Plus"" height=""20"" width=""auto""></div><div class=""mt2"" data-automation-id=""fulfillment-badge""><div class=""f7 flex self-baseline dark-gray""><div>Pickup <span class=""b"">today</span></div></div><div class=""f7 flex self-baseline dark-gray""><div>Delivery <span class=""b"">today</span></div></div></div></div></div></div></div>"
"1739921083-8","https://www.walmart.com/browse/pets/cat-treats/5440_202073_6005312","<div role=""group"" data-item-id=""3O2LFR54SJGK"" class=""sans-serif mid-gray relative flex flex-column w-100 hide-child-opacity""><a link-identifier=""35785428"" class=""w-100 h-100 z-1 hide-sibling-opacity  absolute"" target="""" href=""/ip/Whiskas-Temptations-16-Ounce-Chicken-Value-Pak/35785428?classType=VARIANT""><span class=""w_iUH7"">Temptations Classic Tasty Chicken Flavor Crunchy And Soft Treats For Cats, 16 Oz Tub<!-- --> </span></a><div class="""" data-testid=""list-view""><div class=""""><div class=""""><div class=""relative""><div class=""relative overflow-hidden"" style=""max-width:290px;height:0;padding-bottom:min(290px, 100%);align-self:center;width:min(290px, 100%)""><span><button type=""button"" class=""bg-white pointer pa0 black bn mt1 mr1 pa1 br4 absolute top-0 right-0 z-2"" data-automation-id=""heart-item"" aria-label=""Sign in to add to Favorites list, Temptations Classic Tasty Chicken Flavor Crunchy And Soft Treats For Cats, 16 Oz Tub"" style=""width: 32px; height: 32px;""><i class=""ld ld-Heart  "" aria-hidden=""true"" style=""font-size: 1.5rem; vertical-align: -0.25em; padding-top: 1px; width: 1.5rem; height: 1.5rem; box-sizing: content-box;""></i></button></span><img loading=""lazy"" srcset=""https://i5.walmartimages.com/seo/Whiskas-Temptations-16-Ounce-Chicken-Value-Pak_124bca24-1c6e-403e-86b8-f3d88b7a5877.55238f2a41b685652cd7a4fd58ee90cf.jpeg?odnHeight=290&amp;odnWidth=290&amp;odnBg=FFFFFF 1x, https://i5.walmartimages.com/seo/Whiskas-Temptations-16-Ounce-Chicken-Value-Pak_124bca24-1c6e-403e-86b8-f3d88b7a5877.55238f2a41b685652cd7a4fd58ee90cf.jpeg?odnHeight=580&amp;odnWidth=580&amp;odnBg=FFFFFF 2x"" src=""https://i5.walmartimages.com/seo/Whiskas-Temptations-16-Ounce-Chicken-Value-Pak_124bca24-1c6e-403e-86b8-f3d88b7a5877.55238f2a41b685652cd7a4fd58ee90cf.jpeg?odnHeight=580&amp;odnWidth=580&amp;odnBg=FFFFFF"" id=""is-0-productImage-7"" width="""" height="""" class=""absolute top-0 left-0"" data-testid=""productTileImage"" alt=""Temptations Classic Tasty Chicken Flavor Crunchy And Soft Treats For Cats, 16 Oz Tub""></div><div class=""z-2 relative mt3""><div class=""relative dib flex-row-reverse"" data-id=""3O2LFR54SJGK""><a class=""w_hhLG w_8nsR w_jDfj pointer bn sans-serif b ph2 flex items-center justify-center w-auto shadow-1"" href=""/ip/Whiskas-Temptations-16-Ounce-Chicken-Value-Pak/35785428?classType=VARIANT"" data-pcss-hide=""true"" aria-label=""Options - Temptations Classic Tasty Chicken Flavor Crunchy And Soft Treats For Cats, 16 Oz Tub""><span class=""mh2"">Options</span></a></div></div></div><div class=""mt3 mb1"" style=""height:24px"" data-testid=""variant-3O2LFR54SJGK""><div class=""f7 lh-solid tc h1 v-mid""><div aria-hidden=""true"" aria-labelledby=""variants-dynamic-3O2LFR54SJGK"">+7 sizes</div><span class=""w_iUH7"" id=""variants-dynamic-3O2LFR54SJGK"">Available in additional 7 sizes</span></div></div></div><div class=""""><div data-automation-id=""product-price"" class=""flex flex-wrap justify-start items-center lh-title mb0""><div class=""mr1 mr2-xl b black lh-solid f5 f4-l"" aria-hidden=""true""><span class=""f3""></span><span class=""f6 f5-l"" style=""vertical-align:0.65ex;margin-right:2px"">$</span><span class=""f2"">8</span><span class=""f6 f5-l"" style=""vertical-align:0.75ex"">48</span></div><span class=""w_iUH7"">current price $8.48</span><div class=""gray mr1 f6 f5-l flex items-end mt1"">53.0 ¢/oz</div></div><div class=""f7 f6-l black mb2"">More options from $2.58</div><span class=""w_V_DM"" style=""-webkit-line-clamp: 3; padding-bottom: 0.100071em; margin-bottom: -0.100071em;""><span data-automation-id=""product-title"" class=""normal dark-gray mb0 mt1 lh-title f6 f5-l lh-copy"">Temptations Classic Tasty Chicken Flavor Crunchy And Soft Treats For Cats, 16 Oz Tub</span></span><div class=""flex items-center mt2""><span class=""black inline-flex mr1"" data-testid=""product-ratings"" data-value=""4.7""><i class=""ld ld-StarFill"" style=""font-size:12px;vertical-align:-0.175em;width:12px;height:12px;box-sizing:content-box"" aria-hidden=""true""></i><i class=""ld ld-StarFill"" style=""font-size:12px;vertical-align:-0.175em;width:12px;height:12px;box-sizing:content-box"" aria-hidden=""true""></i><i class=""ld ld-StarFill"" style=""font-size:12px;vertical-align:-0.175em;width:12px;height:12px;box-sizing:content-box"" aria-hidden=""true""></i><i class=""ld ld-StarFill"" style=""font-size:12px;vertical-align:-0.175em;width:12px;height:12px;box-sizing:content-box"" aria-hidden=""true""></i><i class=""ld ld-StarHalf"" style=""font-size:12px;vertical-align:-0.175em;width:12px;height:12px;box-sizing:content-box"" aria-hidden=""true""></i></span><span class=""sans-serif gray f7"" aria-hidden=""true"" data-testid=""product-reviews"" data-value=""40088"">40088</span><span class=""w_iUH7"">4.7 out of 5 Stars. 40088 reviews</span></div><div></div><div class=""flex items-center mt2 mb1""><div class=""f7 mr1 blue b lh-copy"">Save with</div><img loading=""lazy"" class=""flex"" src=""//i5.walmartimages.com/dfw/63fd9f59-ac39/29c6759d-7f14-49fa-bd3a-b870eb4fb8fb/v1/wplus-icon-blue.svg"" alt=""Walmart Plus"" height=""20"" width=""auto""></div><div class=""mt2"" data-automation-id=""fulfillment-badge""><div class=""f7 flex self-baseline dark-gray""><div>Pickup <span class=""b"">today</span></div></div><div class=""f7 flex self-baseline dark-gray""><div>Delivery <span class=""b"">today</span></div></div><div class=""f7 flex self-baseline dark-gray""><div>Shipping, arrives <span class=""b"">tomorrow</span></div></div></div></div></div></div></div>"
"1739921083-9","https://www.walmart.com/browse/pets/cat-treats/5440_202073_6005312","<div role=""group"" data-item-id=""3N94N1GJIPJQ"" class=""sans-serif mid-gray relative flex flex-column w-100 hide-child-opacity""><a link-identifier=""432285959"" class=""w-100 h-100 z-1 hide-sibling-opacity  absolute"" target="""" href=""/ip/Blue-Buffalo-Bursts-Chicken-Flavor-Crunchy-Treats-for-Cats-Whole-Grain-5-oz-Bag/432285959?classType=VARIANT""><span class=""w_iUH7"">Blue Buffalo Bursts Chicken Flavor Crunchy Treats for Cats, Whole Grain, 5 oz. Bag<!-- --> </span></a><div class="""" data-testid=""list-view""><div class=""""><div class=""""><div class=""h2 relative nowrap mb1""></div><div class=""relative""><div class=""relative overflow-hidden"" style=""max-width:290px;height:0;padding-bottom:min(290px, 100%);align-self:center;width:min(290px, 100%)""><span><button type=""button"" class=""bg-white pointer pa0 black bn mt1 mr1 pa1 br4 absolute top-0 right-0 z-2"" data-automation-id=""heart-item"" aria-label=""Sign in to add to Favorites list, Blue Buffalo Bursts Chicken Flavor Crunchy Treats for Cats, Whole Grain, 5 oz. Bag"" style=""width: 32px; height: 32px;""><i class=""ld ld-Heart  "" aria-hidden=""true"" style=""font-size: 1.5rem; vertical-align: -0.25em; padding-top: 1px; width: 1.5rem; height: 1.5rem; box-sizing: content-box;""></i></button></span><img loading=""lazy"" srcset=""https://i5.walmartimages.com/seo/Blue-Buffalo-Bursts-Chicken-Flavor-Crunchy-Treats-for-Cats-Whole-Grain-5-oz-Bag_8049b544-a9ae-4381-a9a8-7bc359239114.42bd37866fbfe9fee1439af896178ed8.jpeg?odnHeight=290&amp;odnWidth=290&amp;odnBg=FFFFFF 1x, https://i5.walmartimages.com/seo/Blue-Buffalo-Bursts-Chicken-Flavor-Crunchy-Treats-for-Cats-Whole-Grain-5-oz-Bag_8049b544-a9ae-4381-a9a8-7bc359239114.42bd37866fbfe9fee1439af896178ed8.jpeg?odnHeight=580&amp;odnWidth=580&amp;odnBg=FFFFFF 2x"" src=""https://i5.walmartimages.com/seo/Blue-Buffalo-Bursts-Chicken-Flavor-Crunchy-Treats-for-Cats-Whole-Grain-5-oz-Bag_8049b544-a9ae-4381-a9a8-7bc359239114.42bd37866fbfe9fee1439af896178ed8.jpeg?odnHeight=580&amp;odnWidth=580&amp;odnBg=FFFFFF"" id=""is-0-productImage-9"" width="""" height="""" class=""absolute top-0 left-0"" data-testid=""productTileImage"" alt=""Blue Buffalo Bursts Chicken Flavor Crunchy Treats for Cats, Whole Grain, 5 oz. Bag""></div><div class=""z-2 relative mt3""><div class=""relative dib flex-row-reverse"" data-id=""3N94N1GJIPJQ""><a class=""w_hhLG w_8nsR w_jDfj pointer bn sans-serif b ph2 flex items-center justify-center w-auto shadow-1"" href=""/ip/Blue-Buffalo-Bursts-Chicken-Flavor-Crunchy-Treats-for-Cats-Whole-Grain-5-oz-Bag/432285959?classType=VARIANT"" data-pcss-hide=""true"" aria-label=""Options - Blue Buffalo Bursts Chicken Flavor Crunchy Treats for Cats, Whole Grain, 5 oz. Bag""><span class=""mh2"">Options</span></a></div></div></div><div class=""mt3 mb1"" style=""height:24px"" data-testid=""variant-3N94N1GJIPJQ""><div class=""f7 lh-solid tc h1 v-mid""><div aria-hidden=""true"" aria-labelledby=""variants-dynamic-3N94N1GJIPJQ"">+3 options</div><span class=""w_iUH7"" id=""variants-dynamic-3N94N1GJIPJQ"">Available in additional 3 options</span></div></div></div><div class=""""><div data-automation-id=""product-price"" class=""flex flex-wrap justify-start items-center lh-title mb0""><div class=""mr1 mr2-xl b black lh-solid f5 f4-l"" aria-hidden=""true""><span class=""f3""></span><span class=""f6 f5-l"" style=""vertical-align:0.65ex;margin-right:2px"">$</span><span class=""f2"">5</span><span class=""f6 f5-l"" style=""vertical-align:0.75ex"">30</span></div><span class=""w_iUH7"">current price $5.30</span><div class=""gray mr1 f6 f5-l flex items-end mt1"">$1.06/oz</div></div><div class=""f7 f6-l black mb2"">More options from $3.48</div><span class=""w_V_DM"" style=""-webkit-line-clamp: 3; padding-bottom: 0.100071em; margin-bottom: -0.100071em;""><span data-automation-id=""product-title"" class=""normal dark-gray mb0 mt1 lh-title f6 f5-l lh-copy"">Blue Buffalo Bursts Chicken Flavor Crunchy Treats for Cats, Whole Grain, 5 oz. Bag</span></span><div class=""flex items-center mt2""><span class=""black inline-flex mr1"" data-testid=""product-ratings"" data-value=""4.6""><i class=""ld ld-StarFill"" style=""font-size:12px;vertical-align:-0.175em;width:12px;height:12px;box-sizing:content-box"" aria-hidden=""true""></i><i class=""ld ld-StarFill"" style=""font-size:12px;vertical-align:-0.175em;width:12px;height:12px;box-sizing:content-box"" aria-hidden=""true""></i><i class=""ld ld-StarFill"" style=""font-size:12px;vertical-align:-0.175em;width:12px;height:12px;box-sizing:content-box"" aria-hidden=""true""></i><i class=""ld ld-StarFill"" style=""font-size:12px;vertical-align:-0.175em;width:12px;height:12px;box-sizing:content-box"" aria-hidden=""true""></i><i class=""ld ld-StarHalf"" style=""font-size:12px;vertical-align:-0.175em;width:12px;height:12px;box-sizing:content-box"" aria-hidden=""true""></i></span><span class=""sans-serif gray f7"" aria-hidden=""true"" data-testid=""product-reviews"" data-value=""956"">956</span><span class=""w_iUH7"">4.6 out of 5 Stars. 956 reviews</span></div><div></div><div class=""mt2"" data-automation-id=""fulfillment-badge""><div class=""f7 flex self-baseline dark-gray""><div>Free shipping, arrives <span class=""b"">in 3+ days</span></div></div></div><div class=""mb3""><span class=""w_yTSq f7 f6-hdkp lh-solid lh-title-hdkp b dark-red w_0aYG w_MwbK"">Only 5 left</span></div></div></div></div></div>"
"1739921083-10","https://www.walmart.com/browse/pets/cat-treats/5440_202073_6005312","<div role=""group"" data-item-id=""2KO3GPUJ57HD"" class=""sans-serif mid-gray relative flex flex-column w-100 hide-child-opacity""><a link-identifier=""1445219154"" class=""w-100 h-100 z-1 hide-sibling-opacity  absolute"" target="""" href=""/ip/Hartz-Delectables-Squeeze-up-Lickable-Wet-Cat-Treat-Flavor-Variety-Pack-0-5oz-Tube-54-Count/1445219154?classType=VARIANT""><span class=""w_iUH7"">Hartz Delectables Squeeze up Lickable Wet Cat Treat Flavor Variety Pack, 0.5oz Tube (54 Count) </span></a><div class="""" data-testid=""list-view""><div class=""""><div class=""""><div class=""h2 relative nowrap mb1""></div><div class=""relative""><div class=""relative overflow-hidden"" style=""max-width: 290px; height: 0px; padding-bottom: min(290px, 100%); align-self: center; width: min(290px, 100%);""><span><button type=""button"" class=""bg-white pointer pa0 black bn mt1 mr1 pa1 br4 absolute top-0 right-0 z-2"" data-automation-id=""heart-item"" aria-label=""Sign in to add to Favorites list, Hartz Delectables Squeeze up Lickable Wet Cat Treat Flavor Variety Pack, 0.5oz Tube (54 Count)"" style=""width: 32px; height: 32px;""><i class=""ld ld-Heart  "" aria-hidden=""true"" style=""font-size: 1.5rem; vertical-align: -0.25em; padding-top: 1px; width: 1.5rem; height: 1.5rem; box-sizing: content-box;""></i></button></span><img loading=""lazy"" srcset=""https://i5.walmartimages.com/seo/Hartz-Delectables-Squeeze-up-Lickable-Wet-Cat-Treat-Flavor-Variety-Pack-0-5oz-Tube-54-Count_01ebb07f-6740-4def-af4f-25e3c92abde9.28800e6564337b236f7c6b7c8ad33b7e.jpeg?odnHeight=290&amp;odnWidth=290&amp;odnBg=FFFFFF 1x, https://i5.walmartimages.com/seo/Hartz-Delectables-Squeeze-up-Lickable-Wet-Cat-Treat-Flavor-Variety-Pack-0-5oz-Tube-54-Count_01ebb07f-6740-4def-af4f-25e3c92abde9.28800e6564337b236f7c6b7c8ad33b7e.jpeg?odnHeight=580&amp;odnWidth=580&amp;odnBg=FFFFFF 2x"" src=""https://i5.walmartimages.com/seo/Hartz-Delectables-Squeeze-up-Lickable-Wet-Cat-Treat-Flavor-Variety-Pack-0-5oz-Tube-54-Count_01ebb07f-6740-4def-af4f-25e3c92abde9.28800e6564337b236f7c6b7c8ad33b7e.jpeg?odnHeight=580&amp;odnWidth=580&amp;odnBg=FFFFFF"" id=""is-0-productImage-11"" width="""" height="""" class=""absolute top-0 left-0"" data-testid=""productTileImage"" alt=""Hartz Delectables Squeeze up Lickable Wet Cat Treat Flavor Variety Pack, 0.5oz Tube (54 Count)""></div><div class=""z-2 relative mt3""><div class=""relative dib flex-row-reverse"" data-id=""2KO3GPUJ57HD""><button class=""w_hhLG w_8nsR w_jDfj pointer bn sans-serif b ph2 flex items-center justify-center w-auto shadow-1"" type=""button"" data-pcss-hide=""true"" data-automation-id=""add-to-cart"" aria-label=""Add to cart - Hartz Delectables Squeeze up Lickable Wet Cat Treat Flavor Variety Pack, 0.5oz Tube (54 Count)""><i class=""ld ld-Plus"" title=""add to cart"" style=""font-size: 1.5rem; vertical-align: -0.25em; width: 1.5rem; height: 1.5rem; box-sizing: content-box;""></i><span class=""mr2"">Add</span></button></div></div></div><div class=""nt2"" data-testid=""variant-2KO3GPUJ57HD"" style=""height: 24px;""></div></div><div class=""""><div data-automation-id=""product-price"" class=""flex flex-wrap justify-start items-center lh-title mb1""><div class=""mr1 mr2-xl b black lh-solid f5 f4-l"" aria-hidden=""true""><span class=""f3""></span><span class=""f6 f5-l"" style=""vertical-align: 0.65ex; margin-right: 2px;"">$</span><span class=""f2"">30</span><span class=""f6 f5-l"" style=""vertical-align: 0.75ex;"">87</span></div><span class=""w_iUH7"">current price $30.87</span><div class=""gray mr1 f6 f5-l flex items-end mt1"">$1.14/oz</div></div><span class=""w_V_DM"" style=""-webkit-line-clamp: 3; padding-bottom: 0.100071em; margin-bottom: -0.100071em;""><span data-automation-id=""product-title"" class=""normal dark-gray mb0 mt1 lh-title f6 f5-l lh-copy"">Hartz Delectables Squeeze up Lickable Wet Cat Treat Flavor Variety Pack, 0.5oz Tube (54 Count)</span></span><div class=""flex items-center mt2""><span class=""black inline-flex mr1"" data-testid=""product-ratings"" data-value=""4.9""><i class=""ld ld-StarFill"" aria-hidden=""true"" style=""font-size: 12px; vertical-align: -0.175em; width: 12px; height: 12px; box-sizing: content-box;""></i><i class=""ld ld-StarFill"" aria-hidden=""true"" style=""font-size: 12px; vertical-align: -0.175em; width: 12px; height: 12px; box-sizing: content-box;""></i><i class=""ld ld-StarFill"" aria-hidden=""true"" style=""font-size: 12px; vertical-align: -0.175em; width: 12px; height: 12px; box-sizing: content-box;""></i><i class=""ld ld-StarFill"" aria-hidden=""true"" style=""font-size: 12px; vertical-align: -0.175em; width: 12px; height: 12px; box-sizing: content-box;""></i><i class=""ld ld-StarFill"" aria-hidden=""true"" style=""font-size: 12px; vertical-align: -0.175em; width: 12px; height: 12px; box-sizing: content-box;""></i></span><span class=""sans-serif gray f7"" aria-hidden=""true"" data-testid=""product-reviews"" data-value=""1024"">1024</span><span class=""w_iUH7"">4.9 out of 5 Stars. 1024 reviews</span></div><div></div><div class=""flex items-center mt2 mb1""><div class=""f7 mr1 blue b lh-copy"">Save with</div><img loading=""lazy"" class=""flex"" src=""//i5.walmartimages.com/dfw/63fd9f59-ac39/29c6759d-7f14-49fa-bd3a-b870eb4fb8fb/v1/wplus-icon-blue.svg"" alt=""Walmart Plus"" height=""20"" width=""auto""></div><div class=""mt2"" data-automation-id=""fulfillment-badge""><div class=""f7 flex self-baseline dark-gray""><div>Shipping, arrives <span class=""b"">tomorrow</span></div></div></div></div></div></div></div>"
"1739921083-11","https://www.walmart.com/browse/pets/cat-treats/5440_202073_6005312","<div role=""group"" data-item-id=""1AHJ854L2OOO"" class=""sans-serif mid-gray relative flex flex-column w-100 hide-child-opacity""><a link-identifier=""16627385"" class=""w-100 h-100 z-1 hide-sibling-opacity  absolute"" target="""" href=""/ip/Whiskas-Temptations-Blissful-Catnip-Flavor-Cat-Care-Treats-3-oz/16627385?classType=VARIANT&amp;athbdg=L1103""><span class=""w_iUH7"">Temptations Classic Blissful Catnip Flavor Crunchy and Soft Dry Treats for Cats, 3 oz Pouch </span></a><div class="""" data-testid=""list-view""><div class=""""><div class=""""><div class=""h2 relative nowrap mb1""><span class=""w_yTSq w_vE7k b ph2 w_0aYG w_MwbK"" style=""border: 1px solid rgb(0, 113, 220); background: rgb(255, 255, 255); color: rgb(0, 113, 220); border-radius: 4px; box-shadow: none; font-weight: 700;"">In 200+ people's carts</span></div><div class=""relative""><div class=""relative overflow-hidden"" style=""max-width: 290px; height: 0px; padding-bottom: min(290px, 100%); align-self: center; width: min(290px, 100%);""><span><button type=""button"" class=""bg-white pointer pa0 black bn mt1 mr1 pa1 br4 absolute top-0 right-0 z-2"" data-automation-id=""heart-item"" aria-label=""Sign in to add to Favorites list, Temptations Classic Blissful Catnip Flavor Crunchy and Soft Dry Treats for Cats, 3 oz Pouch"" style=""width: 32px; height: 32px;""><i class=""ld ld-Heart  "" aria-hidden=""true"" style=""font-size: 1.5rem; vertical-align: -0.25em; padding-top: 1px; width: 1.5rem; height: 1.5rem; box-sizing: content-box;""></i></button></span><img loading=""lazy"" srcset=""https://i5.walmartimages.com/seo/Whiskas-Temptations-Blissful-Catnip-Flavor-Cat-Care-Treats-3-oz_f3ccc995-d8c7-44f2-aaee-af3f7588cea6.7639ca40df0ce5c3139f700ada9a2d04.jpeg?odnHeight=290&amp;odnWidth=290&amp;odnBg=FFFFFF 1x, https://i5.walmartimages.com/seo/Whiskas-Temptations-Blissful-Catnip-Flavor-Cat-Care-Treats-3-oz_f3ccc995-d8c7-44f2-aaee-af3f7588cea6.7639ca40df0ce5c3139f700ada9a2d04.jpeg?odnHeight=580&amp;odnWidth=580&amp;odnBg=FFFFFF 2x"" src=""https://i5.walmartimages.com/seo/Whiskas-Temptations-Blissful-Catnip-Flavor-Cat-Care-Treats-3-oz_f3ccc995-d8c7-44f2-aaee-af3f7588cea6.7639ca40df0ce5c3139f700ada9a2d04.jpeg?odnHeight=580&amp;odnWidth=580&amp;odnBg=FFFFFF"" id=""is-0-productImage-12"" width="""" height="""" class=""absolute top-0 left-0"" data-testid=""productTileImage"" alt=""Temptations Classic Blissful Catnip Flavor Crunchy and Soft Dry Treats for Cats, 3 oz Pouch""></div><div class=""z-2 relative mt3""><div class=""relative dib flex-row-reverse"" data-id=""1AHJ854L2OOO""><button class=""w_hhLG w_8nsR w_jDfj pointer bn sans-serif b ph2 flex items-center justify-center w-auto shadow-1"" type=""button"" data-pcss-hide=""true"" data-automation-id=""add-to-cart"" aria-label=""Add to cart - Temptations Classic Blissful Catnip Flavor Crunchy and Soft Dry Treats for Cats, 3 oz Pouch""><i class=""ld ld-Plus"" title=""add to cart"" style=""font-size: 1.5rem; vertical-align: -0.25em; width: 1.5rem; height: 1.5rem; box-sizing: content-box;""></i><span class=""mr2"">Add</span></button></div></div></div><div class=""nt2"" data-testid=""variant-1AHJ854L2OOO"" style=""height: 24px;""></div></div><div class=""""><div data-automation-id=""product-price"" class=""flex flex-wrap justify-start items-center lh-title mb1""><div class=""mr1 mr2-xl b black lh-solid f5 f4-l"" aria-hidden=""true""><span class=""f3""></span><span class=""f6 f5-l"" style=""vertical-align: 0.65ex; margin-right: 2px;"">$</span><span class=""f2"">2</span><span class=""f6 f5-l"" style=""vertical-align: 0.75ex;"">58</span></div><span class=""w_iUH7"">current price $2.58</span><div class=""gray mr1 f6 f5-l flex items-end mt1"">86.0 ¢/oz</div></div><span class=""w_V_DM"" style=""-webkit-line-clamp: 3; padding-bottom: 0.100071em; margin-bottom: -0.100071em;""><span data-automation-id=""product-title"" class=""normal dark-gray mb0 mt1 lh-title f6 f5-l lh-copy"">Temptations Classic Blissful Catnip Flavor Crunchy and Soft Dry Treats for Cats, 3 oz Pouch</span></span><div class=""flex items-center mt2""><span class=""black inline-flex mr1"" data-testid=""product-ratings"" data-value=""4.8""><i class=""ld ld-StarFill"" aria-hidden=""true"" style=""font-size: 12px; vertical-align: -0.175em; width: 12px; height: 12px; box-sizing: content-box;""></i><i class=""ld ld-StarFill"" aria-hidden=""true"" style=""font-size: 12px; vertical-align: -0.175em; width: 12px; height: 12px; box-sizing: content-box;""></i><i class=""ld ld-StarFill"" aria-hidden=""true"" style=""font-size: 12px; vertical-align: -0.175em; width: 12px; height: 12px; box-sizing: content-box;""></i><i class=""ld ld-StarFill"" aria-hidden=""true"" style=""font-size: 12px; vertical-align: -0.175em; width: 12px; height: 12px; box-sizing: content-box;""></i><i class=""ld ld-StarFill"" aria-hidden=""true"" style=""font-size: 12px; vertical-align: -0.175em; width: 12px; height: 12px; box-sizing: content-box;""></i></span><span class=""sans-serif gray f7"" aria-hidden=""true"" data-testid=""product-reviews"" data-value=""3308"">3308</span><span class=""w_iUH7"">4.8 out of 5 Stars. 3308 reviews</span></div><div></div><div class=""flex items-center mt2 mb1""><div class=""f7 mr1 blue b lh-copy"">Save with</div><img loading=""lazy"" class=""flex"" src=""//i5.walmartimages.com/dfw/63fd9f59-ac39/29c6759d-7f14-49fa-bd3a-b870eb4fb8fb/v1/wplus-icon-blue.svg"" alt=""Walmart Plus"" height=""20"" width=""auto""></div><div class=""mt2"" data-automation-id=""fulfillment-badge""><div class=""f7 flex self-baseline dark-gray""><div>Pickup <span class=""b"">today</span></div></div><div class=""f7 flex self-baseline dark-gray""><div>Delivery <span class=""b"">today</span></div></div><div class=""f7 flex self-baseline dark-gray""><div>Shipping, arrives <span class=""b"">tomorrow</span></div></div></div></div></div></div></div>"
"1739921083-12","https://www.walmart.com/browse/pets/cat-treats/5440_202073_6005312","<div role=""group"" data-item-id=""3VTNY2YZVGYC"" class=""sans-serif mid-gray relative flex flex-column w-100 hide-child-opacity""><a link-identifier=""16662940"" class=""w-100 h-100 z-1 hide-sibling-opacity  absolute"" target="""" href=""/ip/Temptations-Classic-Creamy-Dairy-Flavor-Crunchy-And-Soft-Dry-Cat-Treats-6-3-Oz-Pouch/16662940?classType=REGULAR&amp;athbdg=L1102""><span class=""w_iUH7"">Temptations Classic Creamy Dairy Flavor Crunchy and Soft Dry Cat Treats, 6.3 oz Pouch </span></a><div class="""" data-testid=""list-view""><div class=""""><div class=""""><div class=""h2 relative nowrap mb1""><span class=""w_yTSq w_vE7k b ph2 w_0aYG w_MwbK"" style=""border: 1px solid rgb(0, 113, 220); background: rgb(255, 255, 255); color: rgb(0, 113, 220); border-radius: 4px; box-shadow: none; font-weight: 700;"">1000+ bought since yesterday</span></div><div class=""relative""><div class=""relative overflow-hidden"" style=""max-width: 290px; height: 0px; padding-bottom: min(290px, 100%); align-self: center; width: min(290px, 100%);""><span><button type=""button"" class=""bg-white pointer pa0 black bn mt1 mr1 pa1 br4 absolute top-0 right-0 z-2"" data-automation-id=""heart-item"" aria-label=""Sign in to add to Favorites list, Temptations Classic Creamy Dairy Flavor Crunchy and Soft Dry Cat Treats, 6.3 oz Pouch"" style=""width: 32px; height: 32px;""><i class=""ld ld-Heart  "" aria-hidden=""true"" style=""font-size: 1.5rem; vertical-align: -0.25em; padding-top: 1px; width: 1.5rem; height: 1.5rem; box-sizing: content-box;""></i></button></span><img loading=""lazy"" srcset=""https://i5.walmartimages.com/seo/Temptations-Classic-Creamy-Dairy-Flavor-Crunchy-And-Soft-Dry-Cat-Treats-6-3-Oz-Pouch_1917147e-681a-4b6d-8626-9bdec1349580.462ccf9d0db7f28fd8b923fa721ede7e.jpeg?odnHeight=290&amp;odnWidth=290&amp;odnBg=FFFFFF 1x, https://i5.walmartimages.com/seo/Temptations-Classic-Creamy-Dairy-Flavor-Crunchy-And-Soft-Dry-Cat-Treats-6-3-Oz-Pouch_1917147e-681a-4b6d-8626-9bdec1349580.462ccf9d0db7f28fd8b923fa721ede7e.jpeg?odnHeight=580&amp;odnWidth=580&amp;odnBg=FFFFFF 2x"" src=""https://i5.walmartimages.com/seo/Temptations-Classic-Creamy-Dairy-Flavor-Crunchy-And-Soft-Dry-Cat-Treats-6-3-Oz-Pouch_1917147e-681a-4b6d-8626-9bdec1349580.462ccf9d0db7f28fd8b923fa721ede7e.jpeg?odnHeight=580&amp;odnWidth=580&amp;odnBg=FFFFFF"" id=""is-0-productImage-13"" width="""" height="""" class=""absolute top-0 left-0"" data-testid=""productTileImage"" alt=""Temptations Classic Creamy Dairy Flavor Crunchy and Soft Dry Cat Treats, 6.3 oz Pouch""></div><div class=""z-2 relative mt3""><div class=""relative dib flex-row-reverse"" data-id=""3VTNY2YZVGYC""><button class=""w_hhLG w_8nsR w_jDfj pointer bn sans-serif b ph2 flex items-center justify-center w-auto shadow-1"" type=""button"" data-pcss-hide=""true"" data-automation-id=""add-to-cart"" aria-label=""Add to cart - Temptations Classic Creamy Dairy Flavor Crunchy and Soft Dry Cat Treats, 6.3 oz Pouch""><i class=""ld ld-Plus"" title=""add to cart"" style=""font-size: 1.5rem; vertical-align: -0.25em; width: 1.5rem; height: 1.5rem; box-sizing: content-box;""></i><span class=""mr2"">Add</span></button></div></div></div><div class=""nt2"" data-testid=""variant-3VTNY2YZVGYC"" style=""height: 24px;""></div></div><div class=""""><div data-automation-id=""product-price"" class=""flex flex-wrap justify-start items-center lh-title mb1""><div class=""mr1 mr2-xl b black green lh-solid f5 f4-l"" aria-hidden=""true""><span class=""f3 mr1"">Now</span><span class=""f6 f5-l"" style=""vertical-align: 0.65ex; margin-right: 2px;"">$</span><span class=""f2"">3</span><span class=""f6 f5-l"" style=""vertical-align: 0.75ex;"">98</span></div><span class=""w_iUH7"">current price Now $3.98</span><div class=""gray mr1 strike f6 f4-l flex items-end mt1"" aria-hidden=""true"">$14.00</div><span class=""w_iUH7"">Was $14.00</span><div class=""gray mr1 f6 f5-l flex items-end mt1"">63.2 ¢/oz</div></div><span class=""w_V_DM"" style=""-webkit-line-clamp: 3; padding-bottom: 0.100071em; margin-bottom: -0.100071em;""><span data-automation-id=""product-title"" class=""normal dark-gray mb0 mt1 lh-title f6 f5-l lh-copy"">Temptations Classic Creamy Dairy Flavor Crunchy and Soft Dry Cat Treats, 6.3 oz Pouch</span></span><div class=""flex items-center mt2""><span class=""black inline-flex mr1"" data-testid=""product-ratings"" data-value=""4.9""><i class=""ld ld-StarFill"" aria-hidden=""true"" style=""font-size: 12px; vertical-align: -0.175em; width: 12px; height: 12px; box-sizing: content-box;""></i><i class=""ld ld-StarFill"" aria-hidden=""true"" style=""font-size: 12px; vertical-align: -0.175em; width: 12px; height: 12px; box-sizing: content-box;""></i><i class=""ld ld-StarFill"" aria-hidden=""true"" style=""font-size: 12px; vertical-align: -0.175em; width: 12px; height: 12px; box-sizing: content-box;""></i><i class=""ld ld-StarFill"" aria-hidden=""true"" style=""font-size: 12px; vertical-align: -0.175em; width: 12px; height: 12px; box-sizing: content-box;""></i><i class=""ld ld-StarFill"" aria-hidden=""true"" style=""font-size: 12px; vertical-align: -0.175em; width: 12px; height: 12px; box-sizing: content-box;""></i></span><span class=""sans-serif gray f7"" aria-hidden=""true"" data-testid=""product-reviews"" data-value=""2108"">2108</span><span class=""w_iUH7"">4.9 out of 5 Stars. 2108 reviews</span></div><div></div><div class=""flex items-center mt2 mb1""><div class=""f7 mr1 blue b lh-copy"">Save with</div><img loading=""lazy"" class=""flex"" src=""//i5.walmartimages.com/dfw/63fd9f59-ac39/29c6759d-7f14-49fa-bd3a-b870eb4fb8fb/v1/wplus-icon-blue.svg"" alt=""Walmart Plus"" height=""20"" width=""auto""></div><div class=""mt2"" data-automation-id=""fulfillment-badge""><div class=""f7 flex self-baseline dark-gray""><div>Pickup <span class=""b"">today</span></div></div><div class=""f7 flex self-baseline dark-gray""><div>Delivery <span class=""b"">today</span></div></div><div class=""f7 flex self-baseline dark-gray""><div>Shipping, arrives <span class=""b"">tomorrow</span></div></div></div></div></div></div></div>"
"1739921083-13","https://www.walmart.com/browse/pets/cat-treats/5440_202073_6005312","<div role=""group"" data-item-id=""4PHFRXDVLMEF"" class=""sans-serif mid-gray relative flex flex-column w-100 hide-child-opacity""><a link-identifier=""39932137"" class=""w-100 h-100 z-1 hide-sibling-opacity  absolute"" target="""" href=""/ip/Temptations-MixUps-Surfer-s-Delight-Tuna-Shrimp-Salmon-Flavors-Treats-for-Cats-16-oz/39932137?classType=VARIANT&amp;athbdg=L1200""><span class=""w_iUH7"">Temptations Mixups Crunchy and Soft Cat Treats Surfers' Delight Flavor, 16 oz. Tub </span></a><div class="""" data-testid=""list-view""><div class=""""><div class=""""><div class=""h2 relative nowrap mb1""><span class=""w_VbBP w_mFV6 w_U23Z w_3oNC w_GbWt tag-leading-badge absolute"" style=""background: rgb(0, 45, 88); color: rgb(255, 255, 255); border-radius: 4px; font-weight: 700;"">Popular pick</span></div><div class=""relative""><div class=""relative overflow-hidden"" style=""max-width: 290px; height: 0px; padding-bottom: min(290px, 100%); align-self: center; width: min(290px, 100%);""><span><button type=""button"" class=""bg-white pointer pa0 black bn mt1 mr1 pa1 br4 absolute top-0 right-0 z-2"" data-automation-id=""heart-item"" aria-label=""Sign in to add to Favorites list, Temptations Mixups Crunchy and Soft Cat Treats Surfers' Delight Flavor, 16 oz. Tub"" style=""width: 32px; height: 32px;""><i class=""ld ld-Heart  "" aria-hidden=""true"" style=""font-size: 1.5rem; vertical-align: -0.25em; padding-top: 1px; width: 1.5rem; height: 1.5rem; box-sizing: content-box;""></i></button></span><img loading=""lazy"" srcset=""https://i5.walmartimages.com/seo/Temptations-MixUps-Surfer-s-Delight-Tuna-Shrimp-Salmon-Flavors-Treats-for-Cats-16-oz_b9e21244-528b-4fe8-9a1f-32e726ac62b4.b42743220771e6ca5156bcb1670a1adf.jpeg?odnHeight=290&amp;odnWidth=290&amp;odnBg=FFFFFF 1x, https://i5.walmartimages.com/seo/Temptations-MixUps-Surfer-s-Delight-Tuna-Shrimp-Salmon-Flavors-Treats-for-Cats-16-oz_b9e21244-528b-4fe8-9a1f-32e726ac62b4.b42743220771e6ca5156bcb1670a1adf.jpeg?odnHeight=580&amp;odnWidth=580&amp;odnBg=FFFFFF 2x"" src=""https://i5.walmartimages.com/seo/Temptations-MixUps-Surfer-s-Delight-Tuna-Shrimp-Salmon-Flavors-Treats-for-Cats-16-oz_b9e21244-528b-4fe8-9a1f-32e726ac62b4.b42743220771e6ca5156bcb1670a1adf.jpeg?odnHeight=580&amp;odnWidth=580&amp;odnBg=FFFFFF"" id=""is-0-productImage-14"" width="""" height="""" class=""absolute top-0 left-0"" data-testid=""productTileImage"" alt=""Temptations Mixups Crunchy and Soft Cat Treats Surfers' Delight Flavor, 16 oz. Tub""></div><div class=""z-2 relative mt3""><div class=""relative dib flex-row-reverse"" data-id=""4PHFRXDVLMEF""><a class=""w_hhLG w_8nsR w_jDfj pointer bn sans-serif b ph2 flex items-center justify-center w-auto shadow-1"" href=""/ip/Temptations-MixUps-Surfer-s-Delight-Tuna-Shrimp-Salmon-Flavors-Treats-for-Cats-16-oz/39932137?classType=VARIANT&amp;athbdg=L1200"" data-pcss-hide=""true"" aria-label=""Options - Temptations Mixups Crunchy and Soft Cat Treats Surfers' Delight Flavor, 16 oz. Tub""><span class=""mh2"">Options</span></a></div></div></div><div class=""mt3 mb1"" data-testid=""variant-4PHFRXDVLMEF"" style=""height: 24px;""><div class=""f7 lh-solid tc h1 v-mid""><div aria-hidden=""true"" aria-labelledby=""variants-dynamic-4PHFRXDVLMEF"">+3 sizes</div><span class=""w_iUH7"" id=""variants-dynamic-4PHFRXDVLMEF"">Available in additional 3 sizes</span></div></div></div><div class=""""><div data-automation-id=""product-price"" class=""flex flex-wrap justify-start items-center lh-title mb0""><div class=""mr1 mr2-xl b black lh-solid f5 f4-l"" aria-hidden=""true""><span class=""f3""></span><span class=""f6 f5-l"" style=""vertical-align: 0.65ex; margin-right: 2px;"">$</span><span class=""f2"">8</span><span class=""f6 f5-l"" style=""vertical-align: 0.75ex;"">48</span></div><span class=""w_iUH7"">current price $8.48</span><div class=""gray mr1 f6 f5-l flex items-end mt1"">53.0 ¢/oz</div></div><div class=""f7 f6-l black mb2"">More options from $5.73</div><span class=""w_V_DM"" style=""-webkit-line-clamp: 3; padding-bottom: 0.100071em; margin-bottom: -0.100071em;""><span data-automation-id=""product-title"" class=""normal dark-gray mb0 mt1 lh-title f6 f5-l lh-copy"">Temptations Mixups Crunchy and Soft Cat Treats Surfers' Delight Flavor, 16 oz. Tub</span></span><div class=""flex items-center mt2""><span class=""black inline-flex mr1"" data-testid=""product-ratings"" data-value=""4.8""><i class=""ld ld-StarFill"" aria-hidden=""true"" style=""font-size: 12px; vertical-align: -0.175em; width: 12px; height: 12px; box-sizing: content-box;""></i><i class=""ld ld-StarFill"" aria-hidden=""true"" style=""font-size: 12px; vertical-align: -0.175em; width: 12px; height: 12px; box-sizing: content-box;""></i><i class=""ld ld-StarFill"" aria-hidden=""true"" style=""font-size: 12px; vertical-align: -0.175em; width: 12px; height: 12px; box-sizing: content-box;""></i><i class=""ld ld-StarFill"" aria-hidden=""true"" style=""font-size: 12px; vertical-align: -0.175em; width: 12px; height: 12px; box-sizing: content-box;""></i><i class=""ld ld-StarFill"" aria-hidden=""true"" style=""font-size: 12px; vertical-align: -0.175em; width: 12px; height: 12px; box-sizing: content-box;""></i></span><span class=""sans-serif gray f7"" aria-hidden=""true"" data-testid=""product-reviews"" data-value=""7977"">7977</span><span class=""w_iUH7"">4.8 out of 5 Stars. 7977 reviews</span></div><div></div><div class=""flex items-center mt2 mb1""><div class=""f7 mr1 blue b lh-copy"">Save with</div><img loading=""lazy"" class=""flex"" src=""//i5.walmartimages.com/dfw/63fd9f59-ac39/29c6759d-7f14-49fa-bd3a-b870eb4fb8fb/v1/wplus-icon-blue.svg"" alt=""Walmart Plus"" height=""20"" width=""auto""></div><div class=""mt2"" data-automation-id=""fulfillment-badge""><div class=""f7 flex self-baseline dark-gray""><div>Pickup <span class=""b"">today</span></div></div><div class=""f7 flex self-baseline dark-gray""><div>Delivery <span class=""b"">today</span></div></div><div class=""f7 flex self-baseline dark-gray""><div>Shipping, arrives <span class=""b"">tomorrow</span></div></div></div></div></div></div></div>"
"1739921083-14","https://www.walmart.com/browse/pets/cat-treats/5440_202073_6005312","<div role=""group"" data-item-id=""337EK2WTLUHD"" class=""sans-serif mid-gray relative flex flex-column w-100 hide-child-opacity""><a link-identifier=""531460671"" class=""w-100 h-100 z-1 hide-sibling-opacity  absolute"" target="""" href=""/ip/Purina-Friskies-Lil-Soups-Lickable-Cat-Treats-Soft-Salmon-Chicken-Broth-Snacks-1-2-oz-Cups/531460671?classType=VARIANT""><span class=""w_iUH7"">Purina Friskies Grain Free Lickable Cat Food Toppers Lil’ Soups with Sockeye Salmon in Chicken Broth, 1.2 oz Cup </span></a><div class="""" data-testid=""list-view""><div class=""""><div class=""""><div class=""h2 relative nowrap mb1""></div><div class=""relative""><div class=""relative overflow-hidden"" style=""max-width: 290px; height: 0px; padding-bottom: min(290px, 100%); align-self: center; width: min(290px, 100%);""><span><button type=""button"" class=""bg-white pointer pa0 black bn mt1 mr1 pa1 br4 absolute top-0 right-0 z-2"" data-automation-id=""heart-item"" aria-label=""Sign in to add to Favorites list, Purina Friskies Grain Free Lickable Cat Food Toppers Lil’ Soups with Sockeye Salmon in Chicken Broth, 1.2 oz Cup"" style=""width: 32px; height: 32px;""><i class=""ld ld-Heart  "" aria-hidden=""true"" style=""font-size: 1.5rem; vertical-align: -0.25em; padding-top: 1px; width: 1.5rem; height: 1.5rem; box-sizing: content-box;""></i></button></span><img loading=""lazy"" srcset=""https://i5.walmartimages.com/seo/Purina-Friskies-Lil-Soups-Lickable-Cat-Treats-Soft-Salmon-Chicken-Broth-Snacks-1-2-oz-Cups_3f051a08-1df5-4e9f-bfef-18a2a8ecccef.f64880f6e5fc4c7ee651ea9773e8209d.jpeg?odnHeight=290&amp;odnWidth=290&amp;odnBg=FFFFFF 1x, https://i5.walmartimages.com/seo/Purina-Friskies-Lil-Soups-Lickable-Cat-Treats-Soft-Salmon-Chicken-Broth-Snacks-1-2-oz-Cups_3f051a08-1df5-4e9f-bfef-18a2a8ecccef.f64880f6e5fc4c7ee651ea9773e8209d.jpeg?odnHeight=580&amp;odnWidth=580&amp;odnBg=FFFFFF 2x"" src=""https://i5.walmartimages.com/seo/Purina-Friskies-Lil-Soups-Lickable-Cat-Treats-Soft-Salmon-Chicken-Broth-Snacks-1-2-oz-Cups_3f051a08-1df5-4e9f-bfef-18a2a8ecccef.f64880f6e5fc4c7ee651ea9773e8209d.jpeg?odnHeight=580&amp;odnWidth=580&amp;odnBg=FFFFFF"" id=""is-0-productImage-15"" width="""" height="""" class=""absolute top-0 left-0"" data-testid=""productTileImage"" alt=""Purina Friskies Grain Free Lickable Cat Food Toppers Lil’ Soups with Sockeye Salmon in Chicken Broth, 1.2 oz Cup""></div><div class=""z-2 relative mt3""><div class=""relative dib flex-row-reverse"" data-id=""337EK2WTLUHD""><a class=""w_hhLG w_8nsR w_jDfj pointer bn sans-serif b ph2 flex items-center justify-center w-auto shadow-1"" href=""/ip/Purina-Friskies-Lil-Soups-Lickable-Cat-Treats-Soft-Salmon-Chicken-Broth-Snacks-1-2-oz-Cups/531460671?classType=VARIANT"" data-pcss-hide=""true"" aria-label=""Options - Purina Friskies Grain Free Lickable Cat Food Toppers Lil’ Soups with Sockeye Salmon in Chicken Broth, 1.2 oz Cup""><span class=""mh2"">Options</span></a></div></div></div><div class=""mt3 mb1"" data-testid=""variant-337EK2WTLUHD"" style=""height: 24px;""><div class=""f7 lh-solid tc h1 v-mid""><div aria-hidden=""true"" aria-labelledby=""variants-dynamic-337EK2WTLUHD"">+3 options</div><span class=""w_iUH7"" id=""variants-dynamic-337EK2WTLUHD"">Available in additional 3 options</span></div></div></div><div class=""""><div data-automation-id=""product-price"" class=""flex flex-wrap justify-start items-center lh-title mb0""><div class=""mr1 mr2-xl b black lh-solid f5 f4-l"" aria-hidden=""true""><span class=""f3""></span><span class=""f6 f5-l"" style=""vertical-align: 0.65ex; margin-right: 2px;"">$</span><span class=""f2"">1</span><span class=""f6 f5-l"" style=""vertical-align: 0.75ex;"">34</span></div><span class=""w_iUH7"">current price $1.34</span><div class=""gray mr1 f6 f5-l flex items-end mt1"">$1.12/oz</div></div><div class=""f7 f6-l black mb2"">Options from $1.34 – $10.72</div><span class=""w_V_DM"" style=""-webkit-line-clamp: 3; padding-bottom: 0.100071em; margin-bottom: -0.100071em;""><span data-automation-id=""product-title"" class=""normal dark-gray mb0 mt1 lh-title f6 f5-l lh-copy"">Purina Friskies Grain Free Lickable Cat Food Toppers Lil’ Soups with Sockeye Salmon in Chicken Broth, 1.2 oz Cup</span></span><div class=""flex items-center mt2""><span class=""black inline-flex mr1"" data-testid=""product-ratings"" data-value=""4.7""><i class=""ld ld-StarFill"" aria-hidden=""true"" style=""font-size: 12px; vertical-align: -0.175em; width: 12px; height: 12px; box-sizing: content-box;""></i><i class=""ld ld-StarFill"" aria-hidden=""true"" style=""font-size: 12px; vertical-align: -0.175em; width: 12px; height: 12px; box-sizing: content-box;""></i><i class=""ld ld-StarFill"" aria-hidden=""true"" style=""font-size: 12px; vertical-align: -0.175em; width: 12px; height: 12px; box-sizing: content-box;""></i><i class=""ld ld-StarFill"" aria-hidden=""true"" style=""font-size: 12px; vertical-align: -0.175em; width: 12px; height: 12px; box-sizing: content-box;""></i><i class=""ld ld-StarHalf"" aria-hidden=""true"" style=""font-size: 12px; vertical-align: -0.175em; width: 12px; height: 12px; box-sizing: content-box;""></i></span><span class=""sans-serif gray f7"" aria-hidden=""true"" data-testid=""product-reviews"" data-value=""678"">678</span><span class=""w_iUH7"">4.7 out of 5 Stars. 678 reviews</span></div><div></div><div class=""flex items-center mt2 mb1""><div class=""f7 mr1 blue b lh-copy"">Save with</div><img loading=""lazy"" class=""flex"" src=""//i5.walmartimages.com/dfw/63fd9f59-ac39/29c6759d-7f14-49fa-bd3a-b870eb4fb8fb/v1/wplus-icon-blue.svg"" alt=""Walmart Plus"" height=""20"" width=""auto""></div><div class=""mt2"" data-automation-id=""fulfillment-badge""><div class=""f7 flex self-baseline dark-gray""><div>Pickup <span class=""b"">today</span></div></div><div class=""f7 flex self-baseline dark-gray""><div>Delivery <span class=""b"">today</span></div></div></div></div></div></div></div>"
"1739921083-15","https://www.walmart.com/browse/pets/cat-treats/5440_202073_6005312","<div role=""group"" data-item-id=""4IZ3FMFNS5RL"" class=""sans-serif mid-gray relative flex flex-column w-100 hide-child-opacity""><a link-identifier=""3636352607"" class=""w-100 h-100 z-1 hide-sibling-opacity  absolute"" target="""" href=""/ip/Hartz-Delectables-Gravy-Lickable-Wet-Cat-Treats-Variety-Pack-12-Count/3636352607?classType=REGULAR""><span class=""w_iUH7"">Hartz Delectables Gravy Lickable Wet Cat Treats Variety Pack, 12 Count </span></a><div class="""" data-testid=""list-view""><div class=""""><div class=""""><div class=""relative""><div class=""relative overflow-hidden"" style=""max-width: 290px; height: 0px; padding-bottom: min(290px, 100%); align-self: center; width: min(290px, 100%);""><span><button type=""button"" class=""bg-white pointer pa0 black bn mt1 mr1 pa1 br4 absolute top-0 right-0 z-2"" data-automation-id=""heart-item"" aria-label=""Sign in to add to Favorites list, Hartz Delectables Gravy Lickable Wet Cat Treats Variety Pack, 12 Count"" style=""width: 32px; height: 32px;""><i class=""ld ld-Heart  "" aria-hidden=""true"" style=""font-size: 1.5rem; vertical-align: -0.25em; padding-top: 1px; width: 1.5rem; height: 1.5rem; box-sizing: content-box;""></i></button></span><img loading=""lazy"" srcset=""https://i5.walmartimages.com/seo/Hartz-Delectables-Gravy-Lickable-Wet-Cat-Treats-Variety-Pack-12-Count_372c05aa-3f1e-4129-b725-3d833b4a7573.55a4a5dba3073f81b8db52dca8f4c2ce.jpeg?odnHeight=290&amp;odnWidth=290&amp;odnBg=FFFFFF 1x, https://i5.walmartimages.com/seo/Hartz-Delectables-Gravy-Lickable-Wet-Cat-Treats-Variety-Pack-12-Count_372c05aa-3f1e-4129-b725-3d833b4a7573.55a4a5dba3073f81b8db52dca8f4c2ce.jpeg?odnHeight=580&amp;odnWidth=580&amp;odnBg=FFFFFF 2x"" src=""https://i5.walmartimages.com/seo/Hartz-Delectables-Gravy-Lickable-Wet-Cat-Treats-Variety-Pack-12-Count_372c05aa-3f1e-4129-b725-3d833b4a7573.55a4a5dba3073f81b8db52dca8f4c2ce.jpeg?odnHeight=580&amp;odnWidth=580&amp;odnBg=FFFFFF"" id=""is-0-productImage-17"" width="""" height="""" class=""absolute top-0 left-0"" data-testid=""productTileImage"" alt=""Hartz Delectables Gravy Lickable Wet Cat Treats Variety Pack, 12 Count""></div><div class=""z-2 relative mt3""><div class=""relative dib flex-row-reverse"" data-id=""4IZ3FMFNS5RL""><button class=""w_hhLG w_8nsR w_jDfj pointer bn sans-serif b ph2 flex items-center justify-center w-auto shadow-1"" type=""button"" data-pcss-hide=""true"" data-automation-id=""add-to-cart"" aria-label=""Add to cart - Hartz Delectables Gravy Lickable Wet Cat Treats Variety Pack, 12 Count""><i class=""ld ld-Plus"" title=""add to cart"" style=""font-size: 1.5rem; vertical-align: -0.25em; width: 1.5rem; height: 1.5rem; box-sizing: content-box;""></i><span class=""mr2"">Add</span></button></div></div></div><div class=""nt2"" data-testid=""variant-4IZ3FMFNS5RL"" style=""height: 24px;""></div></div><div class=""""><div data-automation-id=""product-price"" class=""flex flex-wrap justify-start items-center lh-title mb1""><div class=""mr1 mr2-xl b black lh-solid f5 f4-l"" aria-hidden=""true""><span class=""f3""></span><span class=""f6 f5-l"" style=""vertical-align: 0.65ex; margin-right: 2px;"">$</span><span class=""f2"">13</span><span class=""f6 f5-l"" style=""vertical-align: 0.75ex;"">17</span></div><span class=""w_iUH7"">current price $13.17</span><div class=""gray mr1 f6 f5-l flex items-end mt1"">78.4 ¢/oz</div></div><span class=""w_V_DM"" style=""-webkit-line-clamp: 3; padding-bottom: 0.100071em; margin-bottom: -0.100071em;""><span data-automation-id=""product-title"" class=""normal dark-gray mb0 mt1 lh-title f6 f5-l lh-copy"">Hartz Delectables Gravy Lickable Wet Cat Treats Variety Pack, 12 Count</span></span><div class=""flex items-center mt2""><span class=""black inline-flex mr1"" data-testid=""product-ratings"" data-value=""4.6""><i class=""ld ld-StarFill"" aria-hidden=""true"" style=""font-size: 12px; vertical-align: -0.175em; width: 12px; height: 12px; box-sizing: content-box;""></i><i class=""ld ld-StarFill"" aria-hidden=""true"" style=""font-size: 12px; vertical-align: -0.175em; width: 12px; height: 12px; box-sizing: content-box;""></i><i class=""ld ld-StarFill"" aria-hidden=""true"" style=""font-size: 12px; vertical-align: -0.175em; width: 12px; height: 12px; box-sizing: content-box;""></i><i class=""ld ld-StarFill"" aria-hidden=""true"" style=""font-size: 12px; vertical-align: -0.175em; width: 12px; height: 12px; box-sizing: content-box;""></i><i class=""ld ld-StarHalf"" aria-hidden=""true"" style=""font-size: 12px; vertical-align: -0.175em; width: 12px; height: 12px; box-sizing: content-box;""></i></span><span class=""sans-serif gray f7"" aria-hidden=""true"" data-testid=""product-reviews"" data-value=""512"">512</span><span class=""w_iUH7"">4.6 out of 5 Stars. 512 reviews</span></div><div></div><div class=""flex items-center mt2 mb1""><div class=""f7 mr1 blue b lh-copy"">Save with</div><img loading=""lazy"" class=""flex"" src=""//i5.walmartimages.com/dfw/63fd9f59-ac39/29c6759d-7f14-49fa-bd3a-b870eb4fb8fb/v1/wplus-icon-blue.svg"" alt=""Walmart Plus"" height=""20"" width=""auto""></div><div class=""mt2"" data-automation-id=""fulfillment-badge""><div class=""f7 flex self-baseline dark-gray""><div>Shipping, arrives <span class=""b"">tomorrow</span></div></div></div></div></div></div></div>"
"1739921083-16","https://www.walmart.com/browse/pets/cat-treats/5440_202073_6005312","<div role=""group"" data-item-id=""2ETG5IK2N2F7"" class=""sans-serif mid-gray relative flex flex-column w-100 hide-child-opacity""><a link-identifier=""184598520"" class=""w-100 h-100 z-1 hide-sibling-opacity  absolute"" target="""" href=""/ip/Whiskas-Temptations-Super-Value-Backyard-30oz/184598520?classType=VARIANT""><span class=""w_iUH7"">Temptations Mixups Backyard Cookout Flavor Crunchy and Soft Dry Cat Treats, 30 oz Tub </span></a><div class="""" data-testid=""list-view""><div class=""""><div class=""""><div class=""relative""><div class=""relative overflow-hidden"" style=""max-width: 290px; height: 0px; padding-bottom: min(290px, 100%); align-self: center; width: min(290px, 100%);""><span><button type=""button"" class=""bg-white pointer pa0 black bn mt1 mr1 pa1 br4 absolute top-0 right-0 z-2"" data-automation-id=""heart-item"" aria-label=""Sign in to add to Favorites list, Temptations Mixups Backyard Cookout Flavor Crunchy and Soft Dry Cat Treats, 30 oz Tub"" style=""width: 32px; height: 32px;""><i class=""ld ld-Heart  "" aria-hidden=""true"" style=""font-size: 1.5rem; vertical-align: -0.25em; padding-top: 1px; width: 1.5rem; height: 1.5rem; box-sizing: content-box;""></i></button></span><img loading=""lazy"" srcset=""https://i5.walmartimages.com/seo/Whiskas-Temptations-Super-Value-Backyard-30oz_a4bbf53a-cc28-4c86-a455-d6638f4c5e04.f9d235f720d34d9b27dbb7b6bedfbe30.jpeg?odnHeight=290&amp;odnWidth=290&amp;odnBg=FFFFFF 1x, https://i5.walmartimages.com/seo/Whiskas-Temptations-Super-Value-Backyard-30oz_a4bbf53a-cc28-4c86-a455-d6638f4c5e04.f9d235f720d34d9b27dbb7b6bedfbe30.jpeg?odnHeight=580&amp;odnWidth=580&amp;odnBg=FFFFFF 2x"" src=""https://i5.walmartimages.com/seo/Whiskas-Temptations-Super-Value-Backyard-30oz_a4bbf53a-cc28-4c86-a455-d6638f4c5e04.f9d235f720d34d9b27dbb7b6bedfbe30.jpeg?odnHeight=580&amp;odnWidth=580&amp;odnBg=FFFFFF"" id=""is-0-productImage-18"" width="""" height="""" class=""absolute top-0 left-0"" data-testid=""productTileImage"" alt=""Temptations Mixups Backyard Cookout Flavor Crunchy and Soft Dry Cat Treats, 30 oz Tub""></div><div class=""z-2 relative mt3""><div class=""relative dib flex-row-reverse"" data-id=""2ETG5IK2N2F7""><a class=""w_hhLG w_8nsR w_jDfj pointer bn sans-serif b ph2 flex items-center justify-center w-auto shadow-1"" href=""/ip/Whiskas-Temptations-Super-Value-Backyard-30oz/184598520?classType=VARIANT"" data-pcss-hide=""true"" aria-label=""Options - Temptations Mixups Backyard Cookout Flavor Crunchy and Soft Dry Cat Treats, 30 oz Tub""><span class=""mh2"">Options</span></a></div></div></div><div class=""mt3 mb1"" data-testid=""variant-2ETG5IK2N2F7"" style=""height: 24px;""><div class=""f7 lh-solid tc h1 v-mid""><div aria-hidden=""true"" aria-labelledby=""variants-dynamic-2ETG5IK2N2F7"">+2 sizes</div><span class=""w_iUH7"" id=""variants-dynamic-2ETG5IK2N2F7"">Available in additional 2 sizes</span></div></div></div><div class=""""><div data-automation-id=""product-price"" class=""flex flex-wrap justify-start items-center lh-title mb0""><div class=""mr1 mr2-xl b black lh-solid f5 f4-l"" aria-hidden=""true""><span class=""f3""></span><span class=""f6 f5-l"" style=""vertical-align: 0.65ex; margin-right: 2px;"">$</span><span class=""f2"">15</span><span class=""f6 f5-l"" style=""vertical-align: 0.75ex;"">48</span></div><span class=""w_iUH7"">current price $15.48</span><div class=""gray mr1 f6 f5-l flex items-end mt1"">51.6 ¢/oz</div></div><div class=""f7 f6-l black mb2"">More options from $8.48</div><span class=""w_V_DM"" style=""-webkit-line-clamp: 3; padding-bottom: 0.100071em; margin-bottom: -0.100071em;""><span data-automation-id=""product-title"" class=""normal dark-gray mb0 mt1 lh-title f6 f5-l lh-copy"">Temptations Mixups Backyard Cookout Flavor Crunchy and Soft Dry Cat Treats, 30 oz Tub</span></span><div class=""flex items-center mt2""><span class=""black inline-flex mr1"" data-testid=""product-ratings"" data-value=""4.8""><i class=""ld ld-StarFill"" aria-hidden=""true"" style=""font-size: 12px; vertical-align: -0.175em; width: 12px; height: 12px; box-sizing: content-box;""></i><i class=""ld ld-StarFill"" aria-hidden=""true"" style=""font-size: 12px; vertical-align: -0.175em; width: 12px; height: 12px; box-sizing: content-box;""></i><i class=""ld ld-StarFill"" aria-hidden=""true"" style=""font-size: 12px; vertical-align: -0.175em; width: 12px; height: 12px; box-sizing: content-box;""></i><i class=""ld ld-StarFill"" aria-hidden=""true"" style=""font-size: 12px; vertical-align: -0.175em; width: 12px; height: 12px; box-sizing: content-box;""></i><i class=""ld ld-StarFill"" aria-hidden=""true"" style=""font-size: 12px; vertical-align: -0.175em; width: 12px; height: 12px; box-sizing: content-box;""></i></span><span class=""sans-serif gray f7"" aria-hidden=""true"" data-testid=""product-reviews"" data-value=""5056"">5056</span><span class=""w_iUH7"">4.8 out of 5 Stars. 5056 reviews</span></div><div></div><div class=""flex items-center mt2 mb1""><div class=""f7 mr1 blue b lh-copy"">Save with</div><img loading=""lazy"" class=""flex"" src=""//i5.walmartimages.com/dfw/63fd9f59-ac39/29c6759d-7f14-49fa-bd3a-b870eb4fb8fb/v1/wplus-icon-blue.svg"" alt=""Walmart Plus"" height=""20"" width=""auto""></div><div class=""mt2"" data-automation-id=""fulfillment-badge""><div class=""f7 flex self-baseline dark-gray""><div>Pickup <span class=""b"">today</span></div></div><div class=""f7 flex self-baseline dark-gray""><div>Delivery <span class=""b"">today</span></div></div><div class=""f7 flex self-baseline dark-gray""><div>Shipping, arrives <span class=""b"">tomorrow</span></div></div></div></div></div></div></div>"
"1739921083-17","https://www.walmart.com/browse/pets/cat-treats/5440_202073_6005312","<div role=""group"" data-item-id=""7E50QWYJ9LER"" class=""sans-serif mid-gray relative flex flex-column w-100 hide-child-opacity""><a link-identifier=""507488075"" class=""w-100 h-100 z-1 hide-sibling-opacity  absolute"" target="""" href=""/ip/Feline-Greenies-Crunchy-Dental-Treats-in-Catnip-Flavor-Cat-Treat-2-1-oz/507488075?classType=REGULAR""><span class=""w_iUH7"">Greenies Catnip Flavor Dental &amp; Crunchy Treat For Cat, 2.1 Oz </span></a><div class="""" data-testid=""list-view""><div class=""""><div class=""""><div class=""relative""><div class=""relative overflow-hidden"" style=""max-width: 290px; height: 0px; padding-bottom: min(290px, 100%); align-self: center; width: min(290px, 100%);""><span><button type=""button"" class=""bg-white pointer pa0 black bn mt1 mr1 pa1 br4 absolute top-0 right-0 z-2"" data-automation-id=""heart-item"" aria-label=""Sign in to add to Favorites list, Greenies Catnip Flavor Dental &amp; Crunchy Treat For Cat, 2.1 Oz"" style=""width: 32px; height: 32px;""><i class=""ld ld-Heart  "" aria-hidden=""true"" style=""font-size: 1.5rem; vertical-align: -0.25em; padding-top: 1px; width: 1.5rem; height: 1.5rem; box-sizing: content-box;""></i></button></span><img loading=""lazy"" srcset=""https://i5.walmartimages.com/seo/Feline-Greenies-Crunchy-Dental-Treats-in-Catnip-Flavor-Cat-Treat-2-1-oz_913fb72e-2ce2-410b-b329-7e61065a1507.21f370c2a6ab362d2b9066f06ba86837.jpeg?odnHeight=290&amp;odnWidth=290&amp;odnBg=FFFFFF 1x, https://i5.walmartimages.com/seo/Feline-Greenies-Crunchy-Dental-Treats-in-Catnip-Flavor-Cat-Treat-2-1-oz_913fb72e-2ce2-410b-b329-7e61065a1507.21f370c2a6ab362d2b9066f06ba86837.jpeg?odnHeight=580&amp;odnWidth=580&amp;odnBg=FFFFFF 2x"" src=""https://i5.walmartimages.com/seo/Feline-Greenies-Crunchy-Dental-Treats-in-Catnip-Flavor-Cat-Treat-2-1-oz_913fb72e-2ce2-410b-b329-7e61065a1507.21f370c2a6ab362d2b9066f06ba86837.jpeg?odnHeight=580&amp;odnWidth=580&amp;odnBg=FFFFFF"" id=""is-0-productImage-19"" width="""" height="""" class=""absolute top-0 left-0"" data-testid=""productTileImage"" alt=""Greenies Catnip Flavor Dental &amp; Crunchy Treat For Cat, 2.1 Oz""></div><div class=""z-2 relative mt3""><div class=""relative dib flex-row-reverse"" data-id=""7E50QWYJ9LER""><button class=""w_hhLG w_8nsR w_jDfj pointer bn sans-serif b ph2 flex items-center justify-center w-auto shadow-1"" type=""button"" data-pcss-hide=""true"" data-automation-id=""add-to-cart"" aria-label=""Add to cart - Greenies Catnip Flavor Dental &amp; Crunchy Treat For Cat, 2.1 Oz""><i class=""ld ld-Plus"" title=""add to cart"" style=""font-size: 1.5rem; vertical-align: -0.25em; width: 1.5rem; height: 1.5rem; box-sizing: content-box;""></i><span class=""mr2"">Add</span></button></div></div></div><div class=""nt2"" data-testid=""variant-7E50QWYJ9LER"" style=""height: 24px;""></div></div><div class=""""><div data-automation-id=""product-price"" class=""flex flex-wrap justify-start items-center lh-title mb1""><div class=""mr1 mr2-xl b black lh-solid f5 f4-l"" aria-hidden=""true""><span class=""f3""></span><span class=""f6 f5-l"" style=""vertical-align: 0.65ex; margin-right: 2px;"">$</span><span class=""f2"">3</span><span class=""f6 f5-l"" style=""vertical-align: 0.75ex;"">28</span></div><span class=""w_iUH7"">current price $3.28</span><div class=""gray mr1 f6 f5-l flex items-end mt1"">$1.56/oz</div></div><span class=""w_V_DM"" style=""-webkit-line-clamp: 3; padding-bottom: 0.100071em; margin-bottom: -0.100071em;""><span data-automation-id=""product-title"" class=""normal dark-gray mb0 mt1 lh-title f6 f5-l lh-copy"">Greenies Catnip Flavor Dental &amp; Crunchy Treat For Cat, 2.1 Oz</span></span><div class=""flex items-center mt2""><span class=""black inline-flex mr1"" data-testid=""product-ratings"" data-value=""4.7""><i class=""ld ld-StarFill"" aria-hidden=""true"" style=""font-size: 12px; vertical-align: -0.175em; width: 12px; height: 12px; box-sizing: content-box;""></i><i class=""ld ld-StarFill"" aria-hidden=""true"" style=""font-size: 12px; vertical-align: -0.175em; width: 12px; height: 12px; box-sizing: content-box;""></i><i class=""ld ld-StarFill"" aria-hidden=""true"" style=""font-size: 12px; vertical-align: -0.175em; width: 12px; height: 12px; box-sizing: content-box;""></i><i class=""ld ld-StarFill"" aria-hidden=""true"" style=""font-size: 12px; vertical-align: -0.175em; width: 12px; height: 12px; box-sizing: content-box;""></i><i class=""ld ld-StarHalf"" aria-hidden=""true"" style=""font-size: 12px; vertical-align: -0.175em; width: 12px; height: 12px; box-sizing: content-box;""></i></span><span class=""sans-serif gray f7"" aria-hidden=""true"" data-testid=""product-reviews"" data-value=""1038"">1038</span><span class=""w_iUH7"">4.7 out of 5 Stars. 1038 reviews</span></div><div></div><div class=""flex items-center mt2 mb1""><div class=""f7 mr1 blue b lh-copy"">Save with</div><img loading=""lazy"" class=""flex"" src=""//i5.walmartimages.com/dfw/63fd9f59-ac39/29c6759d-7f14-49fa-bd3a-b870eb4fb8fb/v1/wplus-icon-blue.svg"" alt=""Walmart Plus"" height=""20"" width=""auto""></div><div class=""mt2"" data-automation-id=""fulfillment-badge""><div class=""f7 flex self-baseline dark-gray""><div>Pickup <span class=""b"">today</span></div></div><div class=""f7 flex self-baseline dark-gray""><div>Delivery <span class=""b"">today</span></div></div></div></div></div></div></div>"
"1739921083-18","https://www.walmart.com/browse/pets/cat-treats/5440_202073_6005312","<div role=""group"" data-item-id=""321RG0DPUPNL"" class=""sans-serif mid-gray relative flex flex-column w-100 hide-child-opacity""><a link-identifier=""54066531"" class=""w-100 h-100 z-1 hide-sibling-opacity  absolute"" target="""" href=""/ip/Temptations-30-oz-Super-Value-Seafood-Medley/54066531?classType=VARIANT""><span class=""w_iUH7"">Temptations Classic Seafood Medley Flavor Crunchy and Soft Dry Cat Treats, 30 oz Tub </span></a><div class="""" data-testid=""list-view""><div class=""""><div class=""""><div class=""relative""><div class=""relative overflow-hidden"" style=""max-width: 290px; height: 0px; padding-bottom: min(290px, 100%); align-self: center; width: min(290px, 100%);""><span><button type=""button"" class=""bg-white pointer pa0 black bn mt1 mr1 pa1 br4 absolute top-0 right-0 z-2"" data-automation-id=""heart-item"" aria-label=""Sign in to add to Favorites list, Temptations Classic Seafood Medley Flavor Crunchy and Soft Dry Cat Treats, 30 oz Tub"" style=""width: 32px; height: 32px;""><i class=""ld ld-Heart  "" aria-hidden=""true"" style=""font-size: 1.5rem; vertical-align: -0.25em; padding-top: 1px; width: 1.5rem; height: 1.5rem; box-sizing: content-box;""></i></button></span><img loading=""lazy"" srcset=""https://i5.walmartimages.com/seo/Temptations-30-oz-Super-Value-Seafood-Medley_3457cee8-a1f8-4119-8f61-2218bf0e174e.c33f81f23329edea110b146d08d28439.jpeg?odnHeight=290&amp;odnWidth=290&amp;odnBg=FFFFFF 1x, https://i5.walmartimages.com/seo/Temptations-30-oz-Super-Value-Seafood-Medley_3457cee8-a1f8-4119-8f61-2218bf0e174e.c33f81f23329edea110b146d08d28439.jpeg?odnHeight=580&amp;odnWidth=580&amp;odnBg=FFFFFF 2x"" src=""https://i5.walmartimages.com/seo/Temptations-30-oz-Super-Value-Seafood-Medley_3457cee8-a1f8-4119-8f61-2218bf0e174e.c33f81f23329edea110b146d08d28439.jpeg?odnHeight=580&amp;odnWidth=580&amp;odnBg=FFFFFF"" id=""is-0-productImage-20"" width="""" height="""" class=""absolute top-0 left-0"" data-testid=""productTileImage"" alt=""Temptations Classic Seafood Medley Flavor Crunchy and Soft Dry Cat Treats, 30 oz Tub""></div><div class=""z-2 relative mt3""><div class=""relative dib flex-row-reverse"" data-id=""321RG0DPUPNL""><a class=""w_hhLG w_8nsR w_jDfj pointer bn sans-serif b ph2 flex items-center justify-center w-auto shadow-1"" href=""/ip/Temptations-30-oz-Super-Value-Seafood-Medley/54066531?classType=VARIANT"" data-pcss-hide=""true"" aria-label=""Options - Temptations Classic Seafood Medley Flavor Crunchy and Soft Dry Cat Treats, 30 oz Tub""><span class=""mh2"">Options</span></a></div></div></div><div class=""mt3 mb1"" data-testid=""variant-321RG0DPUPNL"" style=""height: 24px;""><div class=""f7 lh-solid tc h1 v-mid""><div aria-hidden=""true"" aria-labelledby=""variants-dynamic-321RG0DPUPNL"">+3 sizes</div><span class=""w_iUH7"" id=""variants-dynamic-321RG0DPUPNL"">Available in additional 3 sizes</span></div></div></div><div class=""""><div data-automation-id=""product-price"" class=""flex flex-wrap justify-start items-center lh-title mb0""><div class=""mr1 mr2-xl b black lh-solid f5 f4-l"" aria-hidden=""true""><span class=""f3""></span><span class=""f6 f5-l"" style=""vertical-align: 0.65ex; margin-right: 2px;"">$</span><span class=""f2"">15</span><span class=""f6 f5-l"" style=""vertical-align: 0.75ex;"">48</span></div><span class=""w_iUH7"">current price $15.48</span><div class=""gray mr1 f6 f5-l flex items-end mt1"">51.6 ¢/oz</div></div><div class=""f7 f6-l black mb2"">More options from $8.48</div><span class=""w_V_DM"" style=""-webkit-line-clamp: 3; padding-bottom: 0.100071em; margin-bottom: -0.100071em;""><span data-automation-id=""product-title"" class=""normal dark-gray mb0 mt1 lh-title f6 f5-l lh-copy"">Temptations Classic Seafood Medley Flavor Crunchy and Soft Dry Cat Treats, 30 oz Tub</span></span><div class=""flex items-center mt2""><span class=""black inline-flex mr1"" data-testid=""product-ratings"" data-value=""4.8""><i class=""ld ld-StarFill"" aria-hidden=""true"" style=""font-size: 12px; vertical-align: -0.175em; width: 12px; height: 12px; box-sizing: content-box;""></i><i class=""ld ld-StarFill"" aria-hidden=""true"" style=""font-size: 12px; vertical-align: -0.175em; width: 12px; height: 12px; box-sizing: content-box;""></i><i class=""ld ld-StarFill"" aria-hidden=""true"" style=""font-size: 12px; vertical-align: -0.175em; width: 12px; height: 12px; box-sizing: content-box;""></i><i class=""ld ld-StarFill"" aria-hidden=""true"" style=""font-size: 12px; vertical-align: -0.175em; width: 12px; height: 12px; box-sizing: content-box;""></i><i class=""ld ld-StarFill"" aria-hidden=""true"" style=""font-size: 12px; vertical-align: -0.175em; width: 12px; height: 12px; box-sizing: content-box;""></i></span><span class=""sans-serif gray f7"" aria-hidden=""true"" data-testid=""product-reviews"" data-value=""5761"">5761</span><span class=""w_iUH7"">4.8 out of 5 Stars. 5761 reviews</span></div><div></div><div class=""flex items-center mt2 mb1""><div class=""f7 mr1 blue b lh-copy"">Save with</div><img loading=""lazy"" class=""flex"" src=""//i5.walmartimages.com/dfw/63fd9f59-ac39/29c6759d-7f14-49fa-bd3a-b870eb4fb8fb/v1/wplus-icon-blue.svg"" alt=""Walmart Plus"" height=""20"" width=""auto""></div><div class=""mt2"" data-automation-id=""fulfillment-badge""><div class=""f7 flex self-baseline dark-gray""><div>Pickup <span class=""b"">today</span></div></div><div class=""f7 flex self-baseline dark-gray""><div>Delivery <span class=""b"">today</span></div></div><div class=""f7 flex self-baseline dark-gray""><div>Shipping, arrives <span class=""b"">tomorrow</span></div></div></div></div></div></div></div>"
"1739921083-19","https://www.walmart.com/browse/pets/cat-treats/5440_202073_6005312","<div role=""group"" data-item-id=""0ZO0ZL38IQDC"" class=""sans-serif mid-gray relative flex flex-column w-100 hide-child-opacity""><a link-identifier=""5550081486"" class=""w-100 h-100 z-1 hide-sibling-opacity  absolute"" target="""" href=""/ip/Purina-Friskies-Cat-Treats-Party-Mix-Wild-West-Crunch-2-1-oz-Pouch/5550081486?classType=VARIANT""><span class=""w_iUH7"">(10 pack) Purina Friskies Party Mix Wild West Crunch Cat Treats, Beef, Liver, &amp; Cheddar, 2.1 oz Bag </span></a><div class="""" data-testid=""list-view""><div class=""""><div class=""""><div class=""h2 relative nowrap mb1""></div><div class=""relative""><div class=""relative overflow-hidden"" style=""max-width: 290px; height: 0px; padding-bottom: min(290px, 100%); align-self: center; width: min(290px, 100%);""><span><button type=""button"" class=""bg-white pointer pa0 black bn mt1 mr1 pa1 br4 absolute top-0 right-0 z-2"" data-automation-id=""heart-item"" aria-label=""Sign in to add to Favorites list, (10 pack) Purina Friskies Party Mix Wild West Crunch Cat Treats, Beef, Liver, &amp; Cheddar, 2.1 oz Bag"" style=""width: 32px; height: 32px;""><i class=""ld ld-Heart  "" aria-hidden=""true"" style=""font-size: 1.5rem; vertical-align: -0.25em; padding-top: 1px; width: 1.5rem; height: 1.5rem; box-sizing: content-box;""></i></button></span><img loading=""lazy"" srcset=""https://i5.walmartimages.com/seo/Purina-Friskies-Cat-Treats-Party-Mix-Wild-West-Crunch-2-1-oz-Pouch_404befd3-2472-4867-bf99-02f76eda1cff.193207f7ed78fd2612a30040a38394e1.jpeg?odnHeight=290&amp;odnWidth=290&amp;odnBg=FFFFFF 1x, https://i5.walmartimages.com/seo/Purina-Friskies-Cat-Treats-Party-Mix-Wild-West-Crunch-2-1-oz-Pouch_404befd3-2472-4867-bf99-02f76eda1cff.193207f7ed78fd2612a30040a38394e1.jpeg?odnHeight=580&amp;odnWidth=580&amp;odnBg=FFFFFF 2x"" src=""https://i5.walmartimages.com/seo/Purina-Friskies-Cat-Treats-Party-Mix-Wild-West-Crunch-2-1-oz-Pouch_404befd3-2472-4867-bf99-02f76eda1cff.193207f7ed78fd2612a30040a38394e1.jpeg?odnHeight=580&amp;odnWidth=580&amp;odnBg=FFFFFF"" id=""is-0-productImage-21"" width="""" height="""" class=""absolute top-0 left-0"" data-testid=""productTileImage"" alt=""(10 pack) Purina Friskies Party Mix Wild West Crunch Cat Treats, Beef, Liver, &amp; Cheddar, 2.1 oz Bag""></div><div class=""z-2 relative mt3""><div class=""relative dib flex-row-reverse"" data-id=""0ZO0ZL38IQDC""><a class=""w_hhLG w_8nsR w_jDfj pointer bn sans-serif b ph2 flex items-center justify-center w-auto shadow-1"" href=""/ip/Purina-Friskies-Cat-Treats-Party-Mix-Wild-West-Crunch-2-1-oz-Pouch/5550081486?classType=VARIANT"" data-pcss-hide=""true"" aria-label=""Options - (10 pack) Purina Friskies Party Mix Wild West Crunch Cat Treats, Beef, Liver, &amp; Cheddar, 2.1 oz Bag""><span class=""mh2"">Options</span></a></div></div></div><div class=""mt3 mb1"" data-testid=""variant-0ZO0ZL38IQDC"" style=""height: 24px;""><div class=""f7 lh-solid tc h1 v-mid""><div aria-hidden=""true"" aria-labelledby=""variants-dynamic-0ZO0ZL38IQDC"">+3 options</div><span class=""w_iUH7"" id=""variants-dynamic-0ZO0ZL38IQDC"">Available in additional 3 options</span></div></div></div><div class=""""><div data-automation-id=""product-price"" class=""flex flex-wrap justify-start items-center lh-title mb0""><div class=""mr1 mr2-xl b black lh-solid f5 f4-l"" aria-hidden=""true""><span class=""f3""></span><span class=""f6 f5-l"" style=""vertical-align: 0.65ex; margin-right: 2px;"">$</span><span class=""f2"">14</span><span class=""f6 f5-l"" style=""vertical-align: 0.75ex;"">80</span></div><span class=""w_iUH7"">current price $14.80</span><div class=""gray mr1 f6 f5-l flex items-end mt1"">70.5 ¢/oz</div></div><div class=""f7 f6-l black mb2"">More options from $1.78</div><span class=""w_V_DM"" style=""-webkit-line-clamp: 3; padding-bottom: 0.100071em; margin-bottom: -0.100071em;""><span data-automation-id=""product-title"" class=""normal dark-gray mb0 mt1 lh-title f6 f5-l lh-copy"">(10 pack) Purina Friskies Party Mix Wild West Crunch Cat Treats, Beef, Liver, &amp; Cheddar, 2.1 oz Bag</span></span><div class=""flex items-center mt2""><span class=""black inline-flex mr1"" data-testid=""product-ratings"" data-value=""4.8""><i class=""ld ld-StarFill"" aria-hidden=""true"" style=""font-size: 12px; vertical-align: -0.175em; width: 12px; height: 12px; box-sizing: content-box;""></i><i class=""ld ld-StarFill"" aria-hidden=""true"" style=""font-size: 12px; vertical-align: -0.175em; width: 12px; height: 12px; box-sizing: content-box;""></i><i class=""ld ld-StarFill"" aria-hidden=""true"" style=""font-size: 12px; vertical-align: -0.175em; width: 12px; height: 12px; box-sizing: content-box;""></i><i class=""ld ld-StarFill"" aria-hidden=""true"" style=""font-size: 12px; vertical-align: -0.175em; width: 12px; height: 12px; box-sizing: content-box;""></i><i class=""ld ld-StarFill"" aria-hidden=""true"" style=""font-size: 12px; vertical-align: -0.175em; width: 12px; height: 12px; box-sizing: content-box;""></i></span><span class=""sans-serif gray f7"" aria-hidden=""true"" data-testid=""product-reviews"" data-value=""1103"">1103</span><span class=""w_iUH7"">4.8 out of 5 Stars. 1103 reviews</span></div><div></div><div class=""flex items-center mt2 mb1""><div class=""f7 mr1 blue b lh-copy"">Save with</div><img loading=""lazy"" class=""flex"" src=""//i5.walmartimages.com/dfw/63fd9f59-ac39/29c6759d-7f14-49fa-bd3a-b870eb4fb8fb/v1/wplus-icon-blue.svg"" alt=""Walmart Plus"" height=""20"" width=""auto""></div><div class=""mt2"" data-automation-id=""fulfillment-badge""><div class=""f7 flex self-baseline dark-gray""><div>Pickup <span class=""b"">today</span></div></div><div class=""f7 flex self-baseline dark-gray""><div>Delivery <span class=""b"">today</span></div></div><div class=""f7 flex self-baseline dark-gray""><div>Shipping, arrives <span class=""b"">tomorrow</span></div></div></div></div></div></div></div>"
"1739921083-20","https://www.walmart.com/browse/pets/cat-treats/5440_202073_6005312","<div role=""group"" data-item-id=""2M2RTSIUJQPF"" class=""sans-serif mid-gray relative flex flex-column w-100 hide-child-opacity""><a link-identifier=""243491876"" class=""w-100 h-100 z-1 hide-sibling-opacity  absolute"" target="""" href=""/ip/Hartz-Delectables-Bisque-Senior-10-Lickable-Wet-Cat-Treats-Variety-Pack-12-Pack/243491876?classType=VARIANT""><span class=""w_iUH7"">DEL BSQ SR 10 12 PACK </span></a><div class="""" data-testid=""list-view""><div class=""""><div class=""""><div class=""h2 relative nowrap mb1""></div><div class=""relative""><div class=""relative overflow-hidden"" style=""max-width: 290px; height: 0px; padding-bottom: min(290px, 100%); align-self: center; width: min(290px, 100%);""><span><button type=""button"" class=""bg-white pointer pa0 black bn mt1 mr1 pa1 br4 absolute top-0 right-0 z-2"" data-automation-id=""heart-item"" aria-label=""Sign in to add to Favorites list, DEL BSQ SR 10 12 PACK"" style=""width: 32px; height: 32px;""><i class=""ld ld-Heart  "" aria-hidden=""true"" style=""font-size: 1.5rem; vertical-align: -0.25em; padding-top: 1px; width: 1.5rem; height: 1.5rem; box-sizing: content-box;""></i></button></span><img loading=""lazy"" srcset=""https://i5.walmartimages.com/seo/Hartz-Delectables-Bisque-Senior-10-Lickable-Wet-Cat-Treats-Variety-Pack-12-Pack_90e9b228-dde1-415c-ba25-eba172e09202.e04999456d02fd3aaefbff505fa2e8a8.jpeg?odnHeight=290&amp;odnWidth=290&amp;odnBg=FFFFFF 1x, https://i5.walmartimages.com/seo/Hartz-Delectables-Bisque-Senior-10-Lickable-Wet-Cat-Treats-Variety-Pack-12-Pack_90e9b228-dde1-415c-ba25-eba172e09202.e04999456d02fd3aaefbff505fa2e8a8.jpeg?odnHeight=580&amp;odnWidth=580&amp;odnBg=FFFFFF 2x"" src=""https://i5.walmartimages.com/seo/Hartz-Delectables-Bisque-Senior-10-Lickable-Wet-Cat-Treats-Variety-Pack-12-Pack_90e9b228-dde1-415c-ba25-eba172e09202.e04999456d02fd3aaefbff505fa2e8a8.jpeg?odnHeight=580&amp;odnWidth=580&amp;odnBg=FFFFFF"" id=""is-0-productImage-22"" width="""" height="""" class=""absolute top-0 left-0"" data-testid=""productTileImage"" alt=""DEL BSQ SR 10 12 PACK""></div><div class=""z-2 relative mt3""><div class=""relative dib flex-row-reverse"" data-id=""2M2RTSIUJQPF""><a class=""w_hhLG w_8nsR w_jDfj pointer bn sans-serif b ph2 flex items-center justify-center w-auto shadow-1"" href=""/ip/Hartz-Delectables-Bisque-Senior-10-Lickable-Wet-Cat-Treats-Variety-Pack-12-Pack/243491876?classType=VARIANT"" data-pcss-hide=""true"" aria-label=""Options - DEL BSQ SR 10 12 PACK""><span class=""mh2"">Options</span></a></div></div></div><div class=""mt3 mb1"" data-testid=""variant-2M2RTSIUJQPF"" style=""height: 24px;""><div class=""f7 lh-solid tc h1 v-mid""><div aria-hidden=""true"" aria-labelledby=""variants-dynamic-2M2RTSIUJQPF"">+3 options</div><span class=""w_iUH7"" id=""variants-dynamic-2M2RTSIUJQPF"">Available in additional 3 options</span></div></div></div><div class=""""><div data-automation-id=""product-price"" class=""flex flex-wrap justify-start items-center lh-title mb0""><div class=""mr1 mr2-xl b black lh-solid f5 f4-l"" aria-hidden=""true""><span class=""f3""></span><span class=""f6 f5-l"" style=""vertical-align: 0.65ex; margin-right: 2px;"">$</span><span class=""f2"">13</span><span class=""f6 f5-l"" style=""vertical-align: 0.75ex;"">58</span></div><span class=""w_iUH7"">current price $13.58</span><div class=""gray mr1 f6 f5-l flex items-end mt1"">80.8 ¢/oz</div></div><div class=""f7 f6-l black mb2"">Options from $13.58 – $20.50</div><span class=""w_V_DM"" style=""-webkit-line-clamp: 3; padding-bottom: 0.100071em; margin-bottom: -0.100071em;""><span data-automation-id=""product-title"" class=""normal dark-gray mb0 mt1 lh-title f6 f5-l lh-copy"">DEL BSQ SR 10 12 PACK</span></span><div class=""flex items-center mt2""><span class=""black inline-flex mr1"" data-testid=""product-ratings"" data-value=""4.8""><i class=""ld ld-StarFill"" aria-hidden=""true"" style=""font-size: 12px; vertical-align: -0.175em; width: 12px; height: 12px; box-sizing: content-box;""></i><i class=""ld ld-StarFill"" aria-hidden=""true"" style=""font-size: 12px; vertical-align: -0.175em; width: 12px; height: 12px; box-sizing: content-box;""></i><i class=""ld ld-StarFill"" aria-hidden=""true"" style=""font-size: 12px; vertical-align: -0.175em; width: 12px; height: 12px; box-sizing: content-box;""></i><i class=""ld ld-StarFill"" aria-hidden=""true"" style=""font-size: 12px; vertical-align: -0.175em; width: 12px; height: 12px; box-sizing: content-box;""></i><i class=""ld ld-StarFill"" aria-hidden=""true"" style=""font-size: 12px; vertical-align: -0.175em; width: 12px; height: 12px; box-sizing: content-box;""></i></span><span class=""sans-serif gray f7"" aria-hidden=""true"" data-testid=""product-reviews"" data-value=""1213"">1213</span><span class=""w_iUH7"">4.8 out of 5 Stars. 1213 reviews</span></div><div></div><div class=""flex items-center mt2 mb1""><div class=""f7 mr1 blue b lh-copy"">Save with</div><img loading=""lazy"" class=""flex"" src=""//i5.walmartimages.com/dfw/63fd9f59-ac39/29c6759d-7f14-49fa-bd3a-b870eb4fb8fb/v1/wplus-icon-blue.svg"" alt=""Walmart Plus"" height=""20"" width=""auto""></div><div class=""mt2"" data-automation-id=""fulfillment-badge""><div class=""f7 flex self-baseline dark-gray""><div>Pickup <span class=""b"">today</span></div></div><div class=""f7 flex self-baseline dark-gray""><div>Delivery <span class=""b"">today</span></div></div><div class=""f7 flex self-baseline dark-gray""><div>Shipping, arrives <span class=""b"">tomorrow</span></div></div></div></div></div></div></div>"
"1739921083-21","https://www.walmart.com/browse/pets/cat-treats/5440_202073_6005312","<div role=""group"" data-item-id=""2ZP6J7FUVKI1"" class=""sans-serif mid-gray relative flex flex-column w-100 hide-child-opacity""><a link-identifier=""2670285865"" class=""w-100 h-100 z-1 hide-sibling-opacity  absolute"" target="""" href=""/ip/Hartz-Delectables-Squeeze-up-Non-Seafood-Variety-Pack-Lickable-Wet-Cat-Treats-0-5oz-Tube-54-Count/2670285865?classType=VARIANT""><span class=""w_iUH7"">Hartz Delectables Squeeze up Non-Seafood Variety Pack Lickable Wet Cat Treats, 0.5oz Tube (54 Count) </span></a><div class="""" data-testid=""list-view""><div class=""""><div class=""""><div class=""h2 relative nowrap mb1""></div><div class=""relative""><div class=""relative overflow-hidden"" style=""max-width: 290px; height: 0px; padding-bottom: min(290px, 100%); align-self: center; width: min(290px, 100%);""><span><button type=""button"" class=""bg-white pointer pa0 black bn mt1 mr1 pa1 br4 absolute top-0 right-0 z-2"" data-automation-id=""heart-item"" aria-label=""Sign in to add to Favorites list, Hartz Delectables Squeeze up Non-Seafood Variety Pack Lickable Wet Cat Treats, 0.5oz Tube (54 Count)"" style=""width: 32px; height: 32px;""><i class=""ld ld-Heart  "" aria-hidden=""true"" style=""font-size: 1.5rem; vertical-align: -0.25em; padding-top: 1px; width: 1.5rem; height: 1.5rem; box-sizing: content-box;""></i></button></span><img loading=""lazy"" srcset=""https://i5.walmartimages.com/seo/Hartz-Delectables-Squeeze-up-Non-Seafood-Variety-Pack-Lickable-Wet-Cat-Treats-0-5oz-Tube-54-Count_e7f4078b-9294-4fb7-afd1-40b5665fd819.4b7664227588a1a312457a91d4db5786.jpeg?odnHeight=290&amp;odnWidth=290&amp;odnBg=FFFFFF 1x, https://i5.walmartimages.com/seo/Hartz-Delectables-Squeeze-up-Non-Seafood-Variety-Pack-Lickable-Wet-Cat-Treats-0-5oz-Tube-54-Count_e7f4078b-9294-4fb7-afd1-40b5665fd819.4b7664227588a1a312457a91d4db5786.jpeg?odnHeight=580&amp;odnWidth=580&amp;odnBg=FFFFFF 2x"" src=""https://i5.walmartimages.com/seo/Hartz-Delectables-Squeeze-up-Non-Seafood-Variety-Pack-Lickable-Wet-Cat-Treats-0-5oz-Tube-54-Count_e7f4078b-9294-4fb7-afd1-40b5665fd819.4b7664227588a1a312457a91d4db5786.jpeg?odnHeight=580&amp;odnWidth=580&amp;odnBg=FFFFFF"" id=""is-0-productImage-23"" width="""" height="""" class=""absolute top-0 left-0"" data-testid=""productTileImage"" alt=""Hartz Delectables Squeeze up Non-Seafood Variety Pack Lickable Wet Cat Treats, 0.5oz Tube (54 Count)""></div><div class=""z-2 relative mt3""><div class=""relative dib flex-row-reverse"" data-id=""2ZP6J7FUVKI1""><button class=""w_hhLG w_8nsR w_jDfj pointer bn sans-serif b ph2 flex items-center justify-center w-auto shadow-1"" type=""button"" data-pcss-hide=""true"" data-automation-id=""add-to-cart"" aria-label=""Add to cart - Hartz Delectables Squeeze up Non-Seafood Variety Pack Lickable Wet Cat Treats, 0.5oz Tube (54 Count)""><i class=""ld ld-Plus"" title=""add to cart"" style=""font-size: 1.5rem; vertical-align: -0.25em; width: 1.5rem; height: 1.5rem; box-sizing: content-box;""></i><span class=""mr2"">Add</span></button></div></div></div><div class=""nt2"" data-testid=""variant-2ZP6J7FUVKI1"" style=""height: 24px;""></div></div><div class=""""><div data-automation-id=""product-price"" class=""flex flex-wrap justify-start items-center lh-title mb1""><div class=""mr1 mr2-xl b black lh-solid f5 f4-l"" aria-hidden=""true""><span class=""f3""></span><span class=""f6 f5-l"" style=""vertical-align: 0.65ex; margin-right: 2px;"">$</span><span class=""f2"">24</span><span class=""f6 f5-l"" style=""vertical-align: 0.75ex;"">58</span></div><span class=""w_iUH7"">current price $24.58</span><div class=""gray mr1 f6 f5-l flex items-end mt1"">91.0 ¢/oz</div></div><span class=""w_V_DM"" style=""-webkit-line-clamp: 3; padding-bottom: 0.100071em; margin-bottom: -0.100071em;""><span data-automation-id=""product-title"" class=""normal dark-gray mb0 mt1 lh-title f6 f5-l lh-copy"">Hartz Delectables Squeeze up Non-Seafood Variety Pack Lickable Wet Cat Treats, 0.5oz Tube (54 Count)</span></span><div class=""flex items-center mt2""><span class=""black inline-flex mr1"" data-testid=""product-ratings"" data-value=""4.8""><i class=""ld ld-StarFill"" aria-hidden=""true"" style=""font-size: 12px; vertical-align: -0.175em; width: 12px; height: 12px; box-sizing: content-box;""></i><i class=""ld ld-StarFill"" aria-hidden=""true"" style=""font-size: 12px; vertical-align: -0.175em; width: 12px; height: 12px; box-sizing: content-box;""></i><i class=""ld ld-StarFill"" aria-hidden=""true"" style=""font-size: 12px; vertical-align: -0.175em; width: 12px; height: 12px; box-sizing: content-box;""></i><i class=""ld ld-StarFill"" aria-hidden=""true"" style=""font-size: 12px; vertical-align: -0.175em; width: 12px; height: 12px; box-sizing: content-box;""></i><i class=""ld ld-StarFill"" aria-hidden=""true"" style=""font-size: 12px; vertical-align: -0.175em; width: 12px; height: 12px; box-sizing: content-box;""></i></span><span class=""sans-serif gray f7"" aria-hidden=""true"" data-testid=""product-reviews"" data-value=""326"">326</span><span class=""w_iUH7"">4.8 out of 5 Stars. 326 reviews</span></div><div></div><div class=""flex items-center mt2 mb1""><div class=""f7 mr1 blue b lh-copy"">Save with</div><img loading=""lazy"" class=""flex"" src=""//i5.walmartimages.com/dfw/63fd9f59-ac39/29c6759d-7f14-49fa-bd3a-b870eb4fb8fb/v1/wplus-icon-blue.svg"" alt=""Walmart Plus"" height=""20"" width=""auto""></div><div class=""mt2"" data-automation-id=""fulfillment-badge""><div class=""f7 flex self-baseline dark-gray""><div>Shipping, arrives <span class=""b"">tomorrow</span></div></div></div></div></div></div></div>"
"1739921083-22","https://www.walmart.com/browse/pets/cat-treats/5440_202073_6005312","<div role=""group"" data-item-id=""41MMVQFNNX6V"" class=""sans-serif mid-gray relative flex flex-column w-100 hide-child-opacity""><a link-identifier=""21349242"" class=""w-100 h-100 z-1 hide-sibling-opacity  absolute"" target="""" href=""/ip/Temptations-Mixups-Crunchy-Soft-Dry-Cat-Treats-Backyard-Cookout-Flavor-6-3-oz-Pouch/21349242?classType=VARIANT&amp;athbdg=L1102""><span class=""w_iUH7"">Temptations Mixups Crunchy &amp; Soft Dry Cat Treats Backyard Cookout Flavor, 6.3 oz Pouch </span></a><div class="""" data-testid=""list-view""><div class=""""><div class=""""><div class=""h2 relative nowrap mb1""><span class=""w_yTSq w_vE7k b ph2 w_0aYG w_MwbK"" style=""border: 1px solid rgb(0, 113, 220); background: rgb(255, 255, 255); color: rgb(0, 113, 220); border-radius: 4px; box-shadow: none; font-weight: 700;"">500+ bought since yesterday</span></div><div class=""relative""><div class=""relative overflow-hidden"" style=""max-width: 290px; height: 0px; padding-bottom: min(290px, 100%); align-self: center; width: min(290px, 100%);""><span><button type=""button"" class=""bg-white pointer pa0 black bn mt1 mr1 pa1 br4 absolute top-0 right-0 z-2"" data-automation-id=""heart-item"" aria-label=""Sign in to add to Favorites list, Temptations Mixups Crunchy &amp; Soft Dry Cat Treats Backyard Cookout Flavor, 6.3 oz Pouch"" style=""width: 32px; height: 32px;""><i class=""ld ld-Heart  "" aria-hidden=""true"" style=""font-size: 1.5rem; vertical-align: -0.25em; padding-top: 1px; width: 1.5rem; height: 1.5rem; box-sizing: content-box;""></i></button></span><img loading=""lazy"" srcset=""https://i5.walmartimages.com/seo/Temptations-Mixups-Crunchy-Soft-Dry-Cat-Treats-Backyard-Cookout-Flavor-6-3-oz-Pouch_04db092f-6341-4b98-a650-a7867ebd6210.77789af969731fe67f47bdeb3e29125a.jpeg?odnHeight=290&amp;odnWidth=290&amp;odnBg=FFFFFF 1x, https://i5.walmartimages.com/seo/Temptations-Mixups-Crunchy-Soft-Dry-Cat-Treats-Backyard-Cookout-Flavor-6-3-oz-Pouch_04db092f-6341-4b98-a650-a7867ebd6210.77789af969731fe67f47bdeb3e29125a.jpeg?odnHeight=580&amp;odnWidth=580&amp;odnBg=FFFFFF 2x"" src=""https://i5.walmartimages.com/seo/Temptations-Mixups-Crunchy-Soft-Dry-Cat-Treats-Backyard-Cookout-Flavor-6-3-oz-Pouch_04db092f-6341-4b98-a650-a7867ebd6210.77789af969731fe67f47bdeb3e29125a.jpeg?odnHeight=580&amp;odnWidth=580&amp;odnBg=FFFFFF"" id=""is-0-productImage-24"" width="""" height="""" class=""absolute top-0 left-0"" data-testid=""productTileImage"" alt=""Temptations Mixups Crunchy &amp; Soft Dry Cat Treats Backyard Cookout Flavor, 6.3 oz Pouch""></div><div class=""z-2 relative mt3""><div class=""relative dib flex-row-reverse"" data-id=""41MMVQFNNX6V""><a class=""w_hhLG w_8nsR w_jDfj pointer bn sans-serif b ph2 flex items-center justify-center w-auto shadow-1"" href=""/ip/Temptations-Mixups-Crunchy-Soft-Dry-Cat-Treats-Backyard-Cookout-Flavor-6-3-oz-Pouch/21349242?classType=VARIANT&amp;athbdg=L1102"" data-pcss-hide=""true"" aria-label=""Options - Temptations Mixups Crunchy &amp; Soft Dry Cat Treats Backyard Cookout Flavor, 6.3 oz Pouch""><span class=""mh2"">Options</span></a></div></div></div><div class=""mt3 mb1"" data-testid=""variant-41MMVQFNNX6V"" style=""height: 24px;""><div class=""f7 lh-solid tc h1 v-mid""><div aria-hidden=""true"" aria-labelledby=""variants-dynamic-41MMVQFNNX6V"">+2 options</div><span class=""w_iUH7"" id=""variants-dynamic-41MMVQFNNX6V"">Available in additional 2 options</span></div></div></div><div class=""""><div data-automation-id=""product-price"" class=""flex flex-wrap justify-start items-center lh-title mb1""><div class=""mr1 mr2-xl b black lh-solid f5 f4-l"" aria-hidden=""true""><span class=""f3""></span><span class=""f6 f5-l"" style=""vertical-align: 0.65ex; margin-right: 2px;"">$</span><span class=""f2"">3</span><span class=""f6 f5-l"" style=""vertical-align: 0.75ex;"">98</span></div><span class=""w_iUH7"">current price $3.98</span><div class=""gray mr1 f6 f5-l flex items-end mt1"">63.2 ¢/oz</div></div><span class=""w_V_DM"" style=""-webkit-line-clamp: 3; padding-bottom: 0.100071em; margin-bottom: -0.100071em;""><span data-automation-id=""product-title"" class=""normal dark-gray mb0 mt1 lh-title f6 f5-l lh-copy"">Temptations Mixups Crunchy &amp; Soft Dry Cat Treats Backyard Cookout Flavor, 6.3 oz Pouch</span></span><div class=""flex items-center mt2""><span class=""black inline-flex mr1"" data-testid=""product-ratings"" data-value=""4.8""><i class=""ld ld-StarFill"" aria-hidden=""true"" style=""font-size: 12px; vertical-align: -0.175em; width: 12px; height: 12px; box-sizing: content-box;""></i><i class=""ld ld-StarFill"" aria-hidden=""true"" style=""font-size: 12px; vertical-align: -0.175em; width: 12px; height: 12px; box-sizing: content-box;""></i><i class=""ld ld-StarFill"" aria-hidden=""true"" style=""font-size: 12px; vertical-align: -0.175em; width: 12px; height: 12px; box-sizing: content-box;""></i><i class=""ld ld-StarFill"" aria-hidden=""true"" style=""font-size: 12px; vertical-align: -0.175em; width: 12px; height: 12px; box-sizing: content-box;""></i><i class=""ld ld-StarFill"" aria-hidden=""true"" style=""font-size: 12px; vertical-align: -0.175em; width: 12px; height: 12px; box-sizing: content-box;""></i></span><span class=""sans-serif gray f7"" aria-hidden=""true"" data-testid=""product-reviews"" data-value=""2411"">2411</span><span class=""w_iUH7"">4.8 out of 5 Stars. 2411 reviews</span></div><div></div><div class=""flex items-center mt2 mb1""><div class=""f7 mr1 blue b lh-copy"">Save with</div><img loading=""lazy"" class=""flex"" src=""//i5.walmartimages.com/dfw/63fd9f59-ac39/29c6759d-7f14-49fa-bd3a-b870eb4fb8fb/v1/wplus-icon-blue.svg"" alt=""Walmart Plus"" height=""20"" width=""auto""></div><div class=""mt2"" data-automation-id=""fulfillment-badge""><div class=""f7 flex self-baseline dark-gray""><div>Pickup <span class=""b"">today</span></div></div><div class=""f7 flex self-baseline dark-gray""><div>Delivery <span class=""b"">today</span></div></div><div class=""f7 flex self-baseline dark-gray""><div>Shipping, arrives <span class=""b"">tomorrow</span></div></div></div></div></div></div></div>"
"1739921083-23","https://www.walmart.com/browse/pets/cat-treats/5440_202073_6005312","<div role=""group"" data-item-id=""5R6K7RYKSY9Y"" class=""sans-serif mid-gray relative flex flex-column w-100 hide-child-opacity""><a link-identifier=""5218338542"" class=""w-100 h-100 z-1 hide-sibling-opacity  absolute"" target="""" href=""/ip/Purina-Friskies-Party-Mix-Morning-Munch-Crunch-Cat-Treats-2-1-oz-Pouch/5218338542?classType=VARIANT""><span class=""w_iUH7"">(6 pack) Purina Friskies Party Mix Morning Munch Crunch Cat Treats, Bacon, Egg, &amp; Cheese, 2.1 oz Bag </span></a><div class="""" data-testid=""list-view""><div class=""""><div class=""""><div class=""relative""><div class=""relative overflow-hidden"" style=""max-width: 290px; height: 0px; padding-bottom: min(290px, 100%); align-self: center; width: min(290px, 100%);""><span><button type=""button"" class=""bg-white pointer pa0 black bn mt1 mr1 pa1 br4 absolute top-0 right-0 z-2"" data-automation-id=""heart-item"" aria-label=""Sign in to add to Favorites list, (6 pack) Purina Friskies Party Mix Morning Munch Crunch Cat Treats, Bacon, Egg, &amp; Cheese, 2.1 oz Bag"" style=""width: 32px; height: 32px;""><i class=""ld ld-Heart  "" aria-hidden=""true"" style=""font-size: 1.5rem; vertical-align: -0.25em; padding-top: 1px; width: 1.5rem; height: 1.5rem; box-sizing: content-box;""></i></button></span><img loading=""lazy"" srcset=""https://i5.walmartimages.com/seo/Purina-Friskies-Party-Mix-Morning-Munch-Crunch-Cat-Treats-2-1-oz-Pouch_c84985ad-31ac-41f4-9903-5aa43e4c5d04.caedcc9a26f06ebd15b10e041b10eebd.jpeg?odnHeight=290&amp;odnWidth=290&amp;odnBg=FFFFFF 1x, https://i5.walmartimages.com/seo/Purina-Friskies-Party-Mix-Morning-Munch-Crunch-Cat-Treats-2-1-oz-Pouch_c84985ad-31ac-41f4-9903-5aa43e4c5d04.caedcc9a26f06ebd15b10e041b10eebd.jpeg?odnHeight=580&amp;odnWidth=580&amp;odnBg=FFFFFF 2x"" src=""https://i5.walmartimages.com/seo/Purina-Friskies-Party-Mix-Morning-Munch-Crunch-Cat-Treats-2-1-oz-Pouch_c84985ad-31ac-41f4-9903-5aa43e4c5d04.caedcc9a26f06ebd15b10e041b10eebd.jpeg?odnHeight=580&amp;odnWidth=580&amp;odnBg=FFFFFF"" id=""is-0-productImage-25"" width="""" height="""" class=""absolute top-0 left-0"" data-testid=""productTileImage"" alt=""(6 pack) Purina Friskies Party Mix Morning Munch Crunch Cat Treats, Bacon, Egg, &amp; Cheese, 2.1 oz Bag""></div><div class=""z-2 relative mt3""><div class=""relative dib flex-row-reverse"" data-id=""5R6K7RYKSY9Y""><a class=""w_hhLG w_8nsR w_jDfj pointer bn sans-serif b ph2 flex items-center justify-center w-auto shadow-1"" href=""/ip/Purina-Friskies-Party-Mix-Morning-Munch-Crunch-Cat-Treats-2-1-oz-Pouch/5218338542?classType=VARIANT"" data-pcss-hide=""true"" aria-label=""Options - (6 pack) Purina Friskies Party Mix Morning Munch Crunch Cat Treats, Bacon, Egg, &amp; Cheese, 2.1 oz Bag""><span class=""mh2"">Options</span></a></div></div></div><div class=""mt3 mb1"" data-testid=""variant-5R6K7RYKSY9Y"" style=""height: 24px;""><div class=""f7 lh-solid tc h1 v-mid""><div aria-hidden=""true"" aria-labelledby=""variants-dynamic-5R6K7RYKSY9Y"">+2 options</div><span class=""w_iUH7"" id=""variants-dynamic-5R6K7RYKSY9Y"">Available in additional 2 options</span></div></div></div><div class=""""><div data-automation-id=""product-price"" class=""flex flex-wrap justify-start items-center lh-title mb0""><div class=""mr1 mr2-xl b black lh-solid f5 f4-l"" aria-hidden=""true""><span class=""f3""></span><span class=""f6 f5-l"" style=""vertical-align: 0.65ex; margin-right: 2px;"">$</span><span class=""f2"">8</span><span class=""f6 f5-l"" style=""vertical-align: 0.75ex;"">88</span></div><span class=""w_iUH7"">current price $8.88</span><div class=""gray mr1 f6 f5-l flex items-end mt1"">70.5 ¢/oz</div></div><div class=""f7 f6-l black mb2"">More options from $1.48</div><span class=""w_V_DM"" style=""-webkit-line-clamp: 3; padding-bottom: 0.100071em; margin-bottom: -0.100071em;""><span data-automation-id=""product-title"" class=""normal dark-gray mb0 mt1 lh-title f6 f5-l lh-copy"">(6 pack) Purina Friskies Party Mix Morning Munch Crunch Cat Treats, Bacon, Egg, &amp; Cheese, 2.1 oz Bag</span></span><div class=""flex items-center mt2""><span class=""black inline-flex mr1"" data-testid=""product-ratings"" data-value=""4.8""><i class=""ld ld-StarFill"" aria-hidden=""true"" style=""font-size: 12px; vertical-align: -0.175em; width: 12px; height: 12px; box-sizing: content-box;""></i><i class=""ld ld-StarFill"" aria-hidden=""true"" style=""font-size: 12px; vertical-align: -0.175em; width: 12px; height: 12px; box-sizing: content-box;""></i><i class=""ld ld-StarFill"" aria-hidden=""true"" style=""font-size: 12px; vertical-align: -0.175em; width: 12px; height: 12px; box-sizing: content-box;""></i><i class=""ld ld-StarFill"" aria-hidden=""true"" style=""font-size: 12px; vertical-align: -0.175em; width: 12px; height: 12px; box-sizing: content-box;""></i><i class=""ld ld-StarFill"" aria-hidden=""true"" style=""font-size: 12px; vertical-align: -0.175em; width: 12px; height: 12px; box-sizing: content-box;""></i></span><span class=""sans-serif gray f7"" aria-hidden=""true"" data-testid=""product-reviews"" data-value=""1767"">1767</span><span class=""w_iUH7"">4.8 out of 5 Stars. 1767 reviews</span></div><div></div><div class=""flex items-center mt2 mb1""><div class=""f7 mr1 blue b lh-copy"">Save with</div><img loading=""lazy"" class=""flex"" src=""//i5.walmartimages.com/dfw/63fd9f59-ac39/29c6759d-7f14-49fa-bd3a-b870eb4fb8fb/v1/wplus-icon-blue.svg"" alt=""Walmart Plus"" height=""20"" width=""auto""></div><div class=""mt2"" data-automation-id=""fulfillment-badge""><div class=""f7 flex self-baseline dark-gray""><div>Pickup <span class=""b"">today</span></div></div><div class=""f7 flex self-baseline dark-gray""><div>Delivery <span class=""b"">today</span></div></div><div class=""f7 flex self-baseline dark-gray""><div>Shipping, arrives <span class=""b"">tomorrow</span></div></div></div></div></div></div></div>"
"1739921083-24","https://www.walmart.com/browse/pets/cat-treats/5440_202073_6005312","<div role=""group"" data-item-id=""41GJ3LAH53P0"" class=""sans-serif mid-gray relative flex flex-column w-100 hide-child-opacity""><a link-identifier=""232846669"" class=""w-100 h-100 z-1 hide-sibling-opacity  absolute"" target="""" href=""/ip/Hartz-Delectables-Stew-Variety-12-Pack/232846669?classType=VARIANT""><span class=""w_iUH7"">Delectables Lickable Cat Treats Stew Variety Pack, 12 Count (16.8 oz.) </span></a><div class="""" data-testid=""list-view""><div class=""""><div class=""""><div class=""relative""><div class=""relative overflow-hidden"" style=""max-width: 290px; height: 0px; padding-bottom: min(290px, 100%); align-self: center; width: min(290px, 100%);""><span><button type=""button"" class=""bg-white pointer pa0 black bn mt1 mr1 pa1 br4 absolute top-0 right-0 z-2"" data-automation-id=""heart-item"" aria-label=""Sign in to add to Favorites list, Delectables Lickable Cat Treats Stew Variety Pack, 12 Count (16.8 oz.)"" style=""width: 32px; height: 32px;""><i class=""ld ld-Heart  "" aria-hidden=""true"" style=""font-size: 1.5rem; vertical-align: -0.25em; padding-top: 1px; width: 1.5rem; height: 1.5rem; box-sizing: content-box;""></i></button></span><img loading=""lazy"" srcset=""https://i5.walmartimages.com/seo/Hartz-Delectables-Stew-Variety-12-Pack_4555923c-7e09-47a8-b34c-b3ba1aaed6bd.afc81c64b2a3599af2162cac7a0b98d2.jpeg?odnHeight=290&amp;odnWidth=290&amp;odnBg=FFFFFF 1x, https://i5.walmartimages.com/seo/Hartz-Delectables-Stew-Variety-12-Pack_4555923c-7e09-47a8-b34c-b3ba1aaed6bd.afc81c64b2a3599af2162cac7a0b98d2.jpeg?odnHeight=580&amp;odnWidth=580&amp;odnBg=FFFFFF 2x"" src=""https://i5.walmartimages.com/seo/Hartz-Delectables-Stew-Variety-12-Pack_4555923c-7e09-47a8-b34c-b3ba1aaed6bd.afc81c64b2a3599af2162cac7a0b98d2.jpeg?odnHeight=580&amp;odnWidth=580&amp;odnBg=FFFFFF"" id=""is-0-productImage-26"" width="""" height="""" class=""absolute top-0 left-0"" data-testid=""productTileImage"" alt=""Delectables Lickable Cat Treats Stew Variety Pack, 12 Count (16.8 oz.)""></div><div class=""z-2 relative mt3""><div class=""relative dib flex-row-reverse"" data-id=""41GJ3LAH53P0""><a class=""w_hhLG w_8nsR w_jDfj pointer bn sans-serif b ph2 flex items-center justify-center w-auto shadow-1"" href=""/ip/Hartz-Delectables-Stew-Variety-12-Pack/232846669?classType=VARIANT"" data-pcss-hide=""true"" aria-label=""Options - Delectables Lickable Cat Treats Stew Variety Pack, 12 Count (16.8 oz.)""><span class=""mh2"">Options</span></a></div></div></div><div class=""mt3 mb1"" data-testid=""variant-41GJ3LAH53P0"" style=""height: 24px;""><div class=""f7 lh-solid tc h1 v-mid""><div aria-hidden=""true"" aria-labelledby=""variants-dynamic-41GJ3LAH53P0"">+5 options</div><span class=""w_iUH7"" id=""variants-dynamic-41GJ3LAH53P0"">Available in additional 5 options</span></div></div></div><div class=""""><div data-automation-id=""product-price"" class=""flex flex-wrap justify-start items-center lh-title mb0""><div class=""mr1 mr2-xl b black lh-solid f5 f4-l"" aria-hidden=""true""><span class=""f3""></span><span class=""f6 f5-l"" style=""vertical-align: 0.65ex; margin-right: 2px;"">$</span><span class=""f2"">13</span><span class=""f6 f5-l"" style=""vertical-align: 0.75ex;"">58</span></div><span class=""w_iUH7"">current price $13.58</span><div class=""gray mr1 f6 f5-l flex items-end mt1"">80.8 ¢/oz</div></div><div class=""f7 f6-l black mb2"">Options from $13.58 – $21.84</div><span class=""w_V_DM"" style=""-webkit-line-clamp: 3; padding-bottom: 0.100071em; margin-bottom: -0.100071em;""><span data-automation-id=""product-title"" class=""normal dark-gray mb0 mt1 lh-title f6 f5-l lh-copy"">Delectables Lickable Cat Treats Stew Variety Pack, 12 Count (16.8 oz.)</span></span><div class=""flex items-center mt2""><span class=""black inline-flex mr1"" data-testid=""product-ratings"" data-value=""4.7""><i class=""ld ld-StarFill"" aria-hidden=""true"" style=""font-size: 12px; vertical-align: -0.175em; width: 12px; height: 12px; box-sizing: content-box;""></i><i class=""ld ld-StarFill"" aria-hidden=""true"" style=""font-size: 12px; vertical-align: -0.175em; width: 12px; height: 12px; box-sizing: content-box;""></i><i class=""ld ld-StarFill"" aria-hidden=""true"" style=""font-size: 12px; vertical-align: -0.175em; width: 12px; height: 12px; box-sizing: content-box;""></i><i class=""ld ld-StarFill"" aria-hidden=""true"" style=""font-size: 12px; vertical-align: -0.175em; width: 12px; height: 12px; box-sizing: content-box;""></i><i class=""ld ld-StarHalf"" aria-hidden=""true"" style=""font-size: 12px; vertical-align: -0.175em; width: 12px; height: 12px; box-sizing: content-box;""></i></span><span class=""sans-serif gray f7"" aria-hidden=""true"" data-testid=""product-reviews"" data-value=""3069"">3069</span><span class=""w_iUH7"">4.7 out of 5 Stars. 3069 reviews</span></div><div></div><div class=""flex items-center mt2 mb1""><div class=""f7 mr1 blue b lh-copy"">Save with</div><img loading=""lazy"" class=""flex"" src=""//i5.walmartimages.com/dfw/63fd9f59-ac39/29c6759d-7f14-49fa-bd3a-b870eb4fb8fb/v1/wplus-icon-blue.svg"" alt=""Walmart Plus"" height=""20"" width=""auto""></div><div class=""mt2"" data-automation-id=""fulfillment-badge""><div class=""f7 flex self-baseline dark-gray""><div>Pickup <span class=""b"">today</span></div></div><div class=""f7 flex self-baseline dark-gray""><div>Delivery <span class=""b"">today</span></div></div><div class=""f7 flex self-baseline dark-gray""><div>Shipping, arrives <span class=""b"">tomorrow</span></div></div></div></div></div></div></div>"
"1739921083-25","https://www.walmart.com/browse/pets/cat-treats/5440_202073_6005312","<div role=""group"" data-item-id=""15EXST6PPXXC"" class=""sans-serif mid-gray relative flex flex-column w-100 hide-child-opacity""><a link-identifier=""583214742"" class=""w-100 h-100 z-1 hide-sibling-opacity  absolute"" target="""" href=""/ip/Friskies-Cat-Treats-Party-Mix-Original-Crunch-30-oz-Canister/583214742?classType=VARIANT""><span class=""w_iUH7"">Purina Friskies Party Mix Cat Treats, Original Crunch Snacks, 30 oz. Canister </span></a><div class="""" data-testid=""list-view""><div class=""""><div class=""""><div class=""relative""><div class=""relative overflow-hidden"" style=""max-width: 290px; height: 0px; padding-bottom: min(290px, 100%); align-self: center; width: min(290px, 100%);""><span><button type=""button"" class=""bg-white pointer pa0 black bn mt1 mr1 pa1 br4 absolute top-0 right-0 z-2"" data-automation-id=""heart-item"" aria-label=""Sign in to add to Favorites list, Purina Friskies Party Mix Cat Treats, Original Crunch Snacks, 30 oz. Canister"" style=""width: 32px; height: 32px;""><i class=""ld ld-Heart  "" aria-hidden=""true"" style=""font-size: 1.5rem; vertical-align: -0.25em; padding-top: 1px; width: 1.5rem; height: 1.5rem; box-sizing: content-box;""></i></button></span><img loading=""lazy"" srcset=""https://i5.walmartimages.com/seo/Friskies-Cat-Treats-Party-Mix-Original-Crunch-30-oz-Canister_9a04b180-1199-43e0-82b7-66b2e77123ba.81b176b3e91f7f7b8d1687a6efedf569.jpeg?odnHeight=290&amp;odnWidth=290&amp;odnBg=FFFFFF 1x, https://i5.walmartimages.com/seo/Friskies-Cat-Treats-Party-Mix-Original-Crunch-30-oz-Canister_9a04b180-1199-43e0-82b7-66b2e77123ba.81b176b3e91f7f7b8d1687a6efedf569.jpeg?odnHeight=580&amp;odnWidth=580&amp;odnBg=FFFFFF 2x"" src=""https://i5.walmartimages.com/seo/Friskies-Cat-Treats-Party-Mix-Original-Crunch-30-oz-Canister_9a04b180-1199-43e0-82b7-66b2e77123ba.81b176b3e91f7f7b8d1687a6efedf569.jpeg?odnHeight=580&amp;odnWidth=580&amp;odnBg=FFFFFF"" id=""is-0-productImage-27"" width="""" height="""" class=""absolute top-0 left-0"" data-testid=""productTileImage"" alt=""Purina Friskies Party Mix Cat Treats, Original Crunch Snacks, 30 oz. Canister""></div><div class=""z-2 relative mt3""><div class=""relative dib flex-row-reverse"" data-id=""15EXST6PPXXC""><a class=""w_hhLG w_8nsR w_jDfj pointer bn sans-serif b ph2 flex items-center justify-center w-auto shadow-1"" href=""/ip/Friskies-Cat-Treats-Party-Mix-Original-Crunch-30-oz-Canister/583214742?classType=VARIANT"" data-pcss-hide=""true"" aria-label=""Options - Purina Friskies Party Mix Cat Treats, Original Crunch Snacks, 30 oz. Canister""><span class=""mh2"">Options</span></a></div></div></div><div class=""mt3 mb1"" data-testid=""variant-15EXST6PPXXC"" style=""height: 24px;""><div class=""f7 lh-solid tc h1 v-mid""><div aria-hidden=""true"" aria-labelledby=""variants-dynamic-15EXST6PPXXC"">+2 options</div><span class=""w_iUH7"" id=""variants-dynamic-15EXST6PPXXC"">Available in additional 2 options</span></div></div></div><div class=""""><div data-automation-id=""product-price"" class=""flex flex-wrap justify-start items-center lh-title mb0""><div class=""mr1 mr2-xl b black green lh-solid f5 f4-l"" aria-hidden=""true""><span class=""f3 mr1"">Now</span><span class=""f6 f5-l"" style=""vertical-align: 0.65ex; margin-right: 2px;"">$</span><span class=""f2"">12</span><span class=""f6 f5-l"" style=""vertical-align: 0.75ex;"">44</span></div><span class=""w_iUH7"">current price Now $12.44</span><div class=""gray mr1 strike f6 f4-l flex items-end mt1"" aria-hidden=""true"">$14.18</div><span class=""w_iUH7"">Was $14.18</span><div class=""gray mr1 f6 f5-l flex items-end mt1"">41.5 ¢/oz</div></div><div class=""f7 f6-l black mb2"">Options from $12.44 – $25.96</div><span class=""w_V_DM"" style=""-webkit-line-clamp: 3; padding-bottom: 0.100071em; margin-bottom: -0.100071em;""><span data-automation-id=""product-title"" class=""normal dark-gray mb0 mt1 lh-title f6 f5-l lh-copy"">Purina Friskies Party Mix Cat Treats, Original Crunch Snacks, 30 oz. Canister</span></span><div class=""flex items-center mt2""><span class=""black inline-flex mr1"" data-testid=""product-ratings"" data-value=""4.8""><i class=""ld ld-StarFill"" aria-hidden=""true"" style=""font-size: 12px; vertical-align: -0.175em; width: 12px; height: 12px; box-sizing: content-box;""></i><i class=""ld ld-StarFill"" aria-hidden=""true"" style=""font-size: 12px; vertical-align: -0.175em; width: 12px; height: 12px; box-sizing: content-box;""></i><i class=""ld ld-StarFill"" aria-hidden=""true"" style=""font-size: 12px; vertical-align: -0.175em; width: 12px; height: 12px; box-sizing: content-box;""></i><i class=""ld ld-StarFill"" aria-hidden=""true"" style=""font-size: 12px; vertical-align: -0.175em; width: 12px; height: 12px; box-sizing: content-box;""></i><i class=""ld ld-StarFill"" aria-hidden=""true"" style=""font-size: 12px; vertical-align: -0.175em; width: 12px; height: 12px; box-sizing: content-box;""></i></span><span class=""sans-serif gray f7"" aria-hidden=""true"" data-testid=""product-reviews"" data-value=""1462"">1462</span><span class=""w_iUH7"">4.8 out of 5 Stars. 1462 reviews</span></div><div></div><div class=""flex items-center mt2 mb1""><div class=""f7 mr1 blue b lh-copy"">Save with</div><img loading=""lazy"" class=""flex"" src=""//i5.walmartimages.com/dfw/63fd9f59-ac39/29c6759d-7f14-49fa-bd3a-b870eb4fb8fb/v1/wplus-icon-blue.svg"" alt=""Walmart Plus"" height=""20"" width=""auto""></div><div class=""mt2"" data-automation-id=""fulfillment-badge""><div class=""f7 flex self-baseline dark-gray""><div>Pickup <span class=""b"">today</span></div></div><div class=""f7 flex self-baseline dark-gray""><div>Delivery <span class=""b"">today</span></div></div><div class=""f7 flex self-baseline dark-gray""><div>Shipping, arrives <span class=""b"">tomorrow</span></div></div></div></div></div></div></div>"
"1739921083-26","https://www.walmart.com/browse/pets/cat-treats/5440_202073_6005312","<div role=""group"" data-item-id=""6ZZFRGIMU414"" class=""sans-serif mid-gray relative flex flex-column w-100 hide-child-opacity""><a link-identifier=""27733423"" class=""w-100 h-100 z-1 hide-sibling-opacity  absolute"" target="""" href=""/ip/Greenies-Smartbite-Hairball-Chicken-Cat-Treat/27733423?classType=VARIANT""><span class=""w_iUH7"">Greenies Smartbites Chicken Flavor Crunchy Soft Treat For Cat, 2.1 Oz </span></a><div class="""" data-testid=""list-view""><div class=""""><div class=""""><div class=""relative""><div class=""relative overflow-hidden"" style=""max-width: 290px; height: 0px; padding-bottom: min(290px, 100%); align-self: center; width: min(290px, 100%);""><span><button type=""button"" class=""bg-white pointer pa0 black bn mt1 mr1 pa1 br4 absolute top-0 right-0 z-2"" data-automation-id=""heart-item"" aria-label=""Sign in to add to Favorites list, Greenies Smartbites Chicken Flavor Crunchy Soft Treat For Cat, 2.1 Oz"" style=""width: 32px; height: 32px;""><i class=""ld ld-Heart  "" aria-hidden=""true"" style=""font-size: 1.5rem; vertical-align: -0.25em; padding-top: 1px; width: 1.5rem; height: 1.5rem; box-sizing: content-box;""></i></button></span><img loading=""lazy"" srcset=""https://i5.walmartimages.com/seo/Greenies-Smartbite-Hairball-Chicken-Cat-Treat_c5fbd897-e1d4-4c6f-9bb1-5704ac4c7382.708b68c6b47790a8daa2e329c6a07074.jpeg?odnHeight=290&amp;odnWidth=290&amp;odnBg=FFFFFF 1x, https://i5.walmartimages.com/seo/Greenies-Smartbite-Hairball-Chicken-Cat-Treat_c5fbd897-e1d4-4c6f-9bb1-5704ac4c7382.708b68c6b47790a8daa2e329c6a07074.jpeg?odnHeight=580&amp;odnWidth=580&amp;odnBg=FFFFFF 2x"" src=""https://i5.walmartimages.com/seo/Greenies-Smartbite-Hairball-Chicken-Cat-Treat_c5fbd897-e1d4-4c6f-9bb1-5704ac4c7382.708b68c6b47790a8daa2e329c6a07074.jpeg?odnHeight=580&amp;odnWidth=580&amp;odnBg=FFFFFF"" id=""is-0-productImage-29"" width="""" height="""" class=""absolute top-0 left-0"" data-testid=""productTileImage"" alt=""Greenies Smartbites Chicken Flavor Crunchy Soft Treat For Cat, 2.1 Oz""></div><div class=""z-2 relative mt3""><div class=""relative dib flex-row-reverse"" data-id=""6ZZFRGIMU414""><a class=""w_hhLG w_8nsR w_jDfj pointer bn sans-serif b ph2 flex items-center justify-center w-auto shadow-1"" href=""/ip/Greenies-Smartbite-Hairball-Chicken-Cat-Treat/27733423?classType=VARIANT"" data-pcss-hide=""true"" aria-label=""Options - Greenies Smartbites Chicken Flavor Crunchy Soft Treat For Cat, 2.1 Oz""><span class=""mh2"">Options</span></a></div></div></div><div class=""mt3 mb1"" data-testid=""variant-6ZZFRGIMU414"" style=""height: 24px;""><div class=""f7 lh-solid tc h1 v-mid""><div aria-hidden=""true"" aria-labelledby=""variants-dynamic-6ZZFRGIMU414"">+2 options</div><span class=""w_iUH7"" id=""variants-dynamic-6ZZFRGIMU414"">Available in additional 2 options</span></div></div></div><div class=""""><div data-automation-id=""product-price"" class=""flex flex-wrap justify-start items-center lh-title mb0""><div class=""mr1 mr2-xl b black lh-solid f5 f4-l"" aria-hidden=""true""><span class=""f3""></span><span class=""f6 f5-l"" style=""vertical-align: 0.65ex; margin-right: 2px;"">$</span><span class=""f2"">3</span><span class=""f6 f5-l"" style=""vertical-align: 0.75ex;"">28</span></div><span class=""w_iUH7"">current price $3.28</span><div class=""gray mr1 f6 f5-l flex items-end mt1"">$1.56/oz</div></div><div class=""f7 f6-l black mb2"">Options from $3.28 – $13.12</div><span class=""w_V_DM"" style=""-webkit-line-clamp: 3; padding-bottom: 0.100071em; margin-bottom: -0.100071em;""><span data-automation-id=""product-title"" class=""normal dark-gray mb0 mt1 lh-title f6 f5-l lh-copy"">Greenies Smartbites Chicken Flavor Crunchy Soft Treat For Cat, 2.1 Oz</span></span><div class=""flex items-center mt2""><span class=""black inline-flex mr1"" data-testid=""product-ratings"" data-value=""4.7""><i class=""ld ld-StarFill"" aria-hidden=""true"" style=""font-size: 12px; vertical-align: -0.175em; width: 12px; height: 12px; box-sizing: content-box;""></i><i class=""ld ld-StarFill"" aria-hidden=""true"" style=""font-size: 12px; vertical-align: -0.175em; width: 12px; height: 12px; box-sizing: content-box;""></i><i class=""ld ld-StarFill"" aria-hidden=""true"" style=""font-size: 12px; vertical-align: -0.175em; width: 12px; height: 12px; box-sizing: content-box;""></i><i class=""ld ld-StarFill"" aria-hidden=""true"" style=""font-size: 12px; vertical-align: -0.175em; width: 12px; height: 12px; box-sizing: content-box;""></i><i class=""ld ld-StarHalf"" aria-hidden=""true"" style=""font-size: 12px; vertical-align: -0.175em; width: 12px; height: 12px; box-sizing: content-box;""></i></span><span class=""sans-serif gray f7"" aria-hidden=""true"" data-testid=""product-reviews"" data-value=""1173"">1173</span><span class=""w_iUH7"">4.7 out of 5 Stars. 1173 reviews</span></div><div></div><div class=""flex items-center mt2 mb1""><div class=""f7 mr1 blue b lh-copy"">Save with</div><img loading=""lazy"" class=""flex"" src=""//i5.walmartimages.com/dfw/63fd9f59-ac39/29c6759d-7f14-49fa-bd3a-b870eb4fb8fb/v1/wplus-icon-blue.svg"" alt=""Walmart Plus"" height=""20"" width=""auto""></div><div class=""mt2"" data-automation-id=""fulfillment-badge""><div class=""f7 flex self-baseline dark-gray""><div>Pickup <span class=""b"">today</span></div></div><div class=""f7 flex self-baseline dark-gray""><div>Delivery <span class=""b"">today</span></div></div></div></div></div></div></div>"
"1739921083-27","https://www.walmart.com/browse/pets/cat-treats/5440_202073_6005312","<div role=""group"" data-item-id=""3IYVS6GACD8L"" class=""sans-serif mid-gray relative flex flex-column w-100 hide-child-opacity""><a link-identifier=""526903037"" class=""w-100 h-100 z-1 hide-sibling-opacity  absolute"" target="""" href=""/ip/Temptations-Creamy-Puree-With-Chicken-Squeezable-Lickable-Wet-Treats-For-Cats-0-42-Oz-4-Pack/526903037?classType=REGULAR""><span class=""w_iUH7"">Temptations Creamy Puree With Chicken Lickable, Squeezable Cat Treats, 4-Pack Of 12G Pouches </span></a><div class="""" data-testid=""list-view""><div class=""""><div class=""""><div class=""relative""><div class=""relative overflow-hidden"" style=""max-width: 290px; height: 0px; padding-bottom: min(290px, 100%); align-self: center; width: min(290px, 100%);""><span><button type=""button"" class=""bg-white pointer pa0 black bn mt1 mr1 pa1 br4 absolute top-0 right-0 z-2"" data-automation-id=""heart-item"" aria-label=""Sign in to add to Favorites list, Temptations Creamy Puree With Chicken Lickable, Squeezable Cat Treats, 4-Pack Of 12G Pouches"" style=""width: 32px; height: 32px;""><i class=""ld ld-Heart  "" aria-hidden=""true"" style=""font-size: 1.5rem; vertical-align: -0.25em; padding-top: 1px; width: 1.5rem; height: 1.5rem; box-sizing: content-box;""></i></button></span><img loading=""lazy"" srcset=""https://i5.walmartimages.com/seo/Temptations-Creamy-Puree-With-Chicken-Squeezable-Lickable-Wet-Treats-For-Cats-0-42-Oz-4-Pack_d2cb3f34-f3f0-4276-9625-379fedbe4380.6a9f6b9d2e44a79983ef0671a86194e4.jpeg?odnHeight=290&amp;odnWidth=290&amp;odnBg=FFFFFF 1x, https://i5.walmartimages.com/seo/Temptations-Creamy-Puree-With-Chicken-Squeezable-Lickable-Wet-Treats-For-Cats-0-42-Oz-4-Pack_d2cb3f34-f3f0-4276-9625-379fedbe4380.6a9f6b9d2e44a79983ef0671a86194e4.jpeg?odnHeight=580&amp;odnWidth=580&amp;odnBg=FFFFFF 2x"" src=""https://i5.walmartimages.com/seo/Temptations-Creamy-Puree-With-Chicken-Squeezable-Lickable-Wet-Treats-For-Cats-0-42-Oz-4-Pack_d2cb3f34-f3f0-4276-9625-379fedbe4380.6a9f6b9d2e44a79983ef0671a86194e4.jpeg?odnHeight=580&amp;odnWidth=580&amp;odnBg=FFFFFF"" id=""is-0-productImage-30"" width="""" height="""" class=""absolute top-0 left-0"" data-testid=""productTileImage"" alt=""Temptations Creamy Puree With Chicken Lickable, Squeezable Cat Treats, 4-Pack Of 12G Pouches""></div><div class=""z-2 relative mt3""><div class=""relative dib flex-row-reverse"" data-id=""3IYVS6GACD8L""><button class=""w_hhLG w_8nsR w_jDfj pointer bn sans-serif b ph2 flex items-center justify-center w-auto shadow-1"" type=""button"" data-pcss-hide=""true"" data-automation-id=""add-to-cart"" aria-label=""Add to cart - Temptations Creamy Puree With Chicken Lickable, Squeezable Cat Treats, 4-Pack Of 12G Pouches""><i class=""ld ld-Plus"" title=""add to cart"" style=""font-size: 1.5rem; vertical-align: -0.25em; width: 1.5rem; height: 1.5rem; box-sizing: content-box;""></i><span class=""mr2"">Add</span></button></div></div></div><div class=""nt2"" data-testid=""variant-3IYVS6GACD8L"" style=""height: 24px;""></div></div><div class=""""><div data-automation-id=""product-price"" class=""flex flex-wrap justify-start items-center lh-title mb1""><div class=""mr1 mr2-xl b black lh-solid f5 f4-l"" aria-hidden=""true""><span class=""f3""></span><span class=""f6 f5-l"" style=""vertical-align: 0.65ex; margin-right: 2px;"">$</span><span class=""f2"">2</span><span class=""f6 f5-l"" style=""vertical-align: 0.75ex;"">58</span></div><span class=""w_iUH7"">current price $2.58</span><div class=""gray mr1 f6 f5-l flex items-end mt1"">$1.52/oz</div></div><span class=""w_V_DM"" style=""-webkit-line-clamp: 3; padding-bottom: 0.100071em; margin-bottom: -0.100071em;""><span data-automation-id=""product-title"" class=""normal dark-gray mb0 mt1 lh-title f6 f5-l lh-copy"">Temptations Creamy Puree With Chicken Lickable, Squeezable Cat Treats, 4-Pack Of 12G Pouches</span></span><div class=""flex items-center mt2""><span class=""black inline-flex mr1"" data-testid=""product-ratings"" data-value=""4.7""><i class=""ld ld-StarFill"" aria-hidden=""true"" style=""font-size: 12px; vertical-align: -0.175em; width: 12px; height: 12px; box-sizing: content-box;""></i><i class=""ld ld-StarFill"" aria-hidden=""true"" style=""font-size: 12px; vertical-align: -0.175em; width: 12px; height: 12px; box-sizing: content-box;""></i><i class=""ld ld-StarFill"" aria-hidden=""true"" style=""font-size: 12px; vertical-align: -0.175em; width: 12px; height: 12px; box-sizing: content-box;""></i><i class=""ld ld-StarFill"" aria-hidden=""true"" style=""font-size: 12px; vertical-align: -0.175em; width: 12px; height: 12px; box-sizing: content-box;""></i><i class=""ld ld-StarHalf"" aria-hidden=""true"" style=""font-size: 12px; vertical-align: -0.175em; width: 12px; height: 12px; box-sizing: content-box;""></i></span><span class=""sans-serif gray f7"" aria-hidden=""true"" data-testid=""product-reviews"" data-value=""752"">752</span><span class=""w_iUH7"">4.7 out of 5 Stars. 752 reviews</span></div><div></div><div class=""flex items-center mt2 mb1""><div class=""f7 mr1 blue b lh-copy"">Save with</div><img loading=""lazy"" class=""flex"" src=""//i5.walmartimages.com/dfw/63fd9f59-ac39/29c6759d-7f14-49fa-bd3a-b870eb4fb8fb/v1/wplus-icon-blue.svg"" alt=""Walmart Plus"" height=""20"" width=""auto""></div><div class=""mt2"" data-automation-id=""fulfillment-badge""><div class=""f7 flex self-baseline dark-gray""><div>Pickup <span class=""b"">today</span></div></div><div class=""f7 flex self-baseline dark-gray""><div>Delivery <span class=""b"">today</span></div></div></div></div></div></div></div>"
"1739921083-28","https://www.walmart.com/browse/pets/cat-treats/5440_202073_6005312","<div role=""group"" data-item-id=""6CQ1V9UPPTIG"" class=""sans-serif mid-gray relative flex flex-column w-100 hide-child-opacity""><a link-identifier=""766791258"" class=""w-100 h-100 z-1 hide-sibling-opacity  absolute"" target="""" href=""/ip/Hartz-Delectables-Bisque-Non-Seafood-Lickable-Wet-Cat-Treats-Chicken-1-4oz-One-Pouch/766791258?classType=VARIANT""><span class=""w_iUH7"">Hartz Delectables Bisque Non-Seafood Lickable Wet Cat Treats, Chicken - 1.4oz, One Pouch </span></a><div class="""" data-testid=""list-view""><div class=""""><div class=""""><div class=""relative""><div class=""relative overflow-hidden"" style=""max-width: 290px; height: 0px; padding-bottom: min(290px, 100%); align-self: center; width: min(290px, 100%);""><span><button type=""button"" class=""bg-white pointer pa0 black bn mt1 mr1 pa1 br4 absolute top-0 right-0 z-2"" data-automation-id=""heart-item"" aria-label=""Sign in to add to Favorites list, Hartz Delectables Bisque Non-Seafood Lickable Wet Cat Treats, Chicken - 1.4oz, One Pouch"" style=""width: 32px; height: 32px;""><i class=""ld ld-Heart  "" aria-hidden=""true"" style=""font-size: 1.5rem; vertical-align: -0.25em; padding-top: 1px; width: 1.5rem; height: 1.5rem; box-sizing: content-box;""></i></button></span><img loading=""lazy"" srcset=""https://i5.walmartimages.com/seo/Hartz-Delectables-Bisque-Non-Seafood-Lickable-Wet-Cat-Treats-Chicken-1-4oz-One-Pouch_0a5a3c98-5fc1-4762-944c-119067663e82.80a0c8b48c4031e0dcfd46b8fa02ba51.jpeg?odnHeight=290&amp;odnWidth=290&amp;odnBg=FFFFFF 1x, https://i5.walmartimages.com/seo/Hartz-Delectables-Bisque-Non-Seafood-Lickable-Wet-Cat-Treats-Chicken-1-4oz-One-Pouch_0a5a3c98-5fc1-4762-944c-119067663e82.80a0c8b48c4031e0dcfd46b8fa02ba51.jpeg?odnHeight=580&amp;odnWidth=580&amp;odnBg=FFFFFF 2x"" src=""https://i5.walmartimages.com/seo/Hartz-Delectables-Bisque-Non-Seafood-Lickable-Wet-Cat-Treats-Chicken-1-4oz-One-Pouch_0a5a3c98-5fc1-4762-944c-119067663e82.80a0c8b48c4031e0dcfd46b8fa02ba51.jpeg?odnHeight=580&amp;odnWidth=580&amp;odnBg=FFFFFF"" id=""is-0-productImage-31"" width="""" height="""" class=""absolute top-0 left-0"" data-testid=""productTileImage"" alt=""Hartz Delectables Bisque Non-Seafood Lickable Wet Cat Treats, Chicken - 1.4oz, One Pouch""></div><div class=""z-2 relative mt3""><div class=""relative dib flex-row-reverse"" data-id=""6CQ1V9UPPTIG""><a class=""w_hhLG w_8nsR w_jDfj pointer bn sans-serif b ph2 flex items-center justify-center w-auto shadow-1"" href=""/ip/Hartz-Delectables-Bisque-Non-Seafood-Lickable-Wet-Cat-Treats-Chicken-1-4oz-One-Pouch/766791258?classType=VARIANT"" data-pcss-hide=""true"" aria-label=""Options - Hartz Delectables Bisque Non-Seafood Lickable Wet Cat Treats, Chicken - 1.4oz, One Pouch""><span class=""mh2"">Options</span></a></div></div></div><div class=""mt3 mb1"" data-testid=""variant-6CQ1V9UPPTIG"" style=""height: 24px;""><div class=""f7 lh-solid tc h1 v-mid""><div aria-hidden=""true"" aria-labelledby=""variants-dynamic-6CQ1V9UPPTIG"">+2 options</div><span class=""w_iUH7"" id=""variants-dynamic-6CQ1V9UPPTIG"">Available in additional 2 options</span></div></div></div><div class=""""><div data-automation-id=""product-price"" class=""flex flex-wrap justify-start items-center lh-title mb0""><div class=""mr1 mr2-xl b black lh-solid f5 f4-l"" aria-hidden=""true""><span class=""f3""></span><span class=""f6 f5-l"" style=""vertical-align: 0.65ex; margin-right: 2px;"">$</span><span class=""f2"">1</span><span class=""f6 f5-l"" style=""vertical-align: 0.75ex;"">12</span></div><span class=""w_iUH7"">current price $1.12</span><div class=""gray mr1 f6 f5-l flex items-end mt1"">80.0 ¢/oz</div></div><div class=""f7 f6-l black mb2"">Options from $1.12 – $6.72</div><span class=""w_V_DM"" style=""-webkit-line-clamp: 3; padding-bottom: 0.100071em; margin-bottom: -0.100071em;""><span data-automation-id=""product-title"" class=""normal dark-gray mb0 mt1 lh-title f6 f5-l lh-copy"">Hartz Delectables Bisque Non-Seafood Lickable Wet Cat Treats, Chicken - 1.4oz, One Pouch</span></span><div class=""flex items-center mt2""><span class=""black inline-flex mr1"" data-testid=""product-ratings"" data-value=""4.6""><i class=""ld ld-StarFill"" aria-hidden=""true"" style=""font-size: 12px; vertical-align: -0.175em; width: 12px; height: 12px; box-sizing: content-box;""></i><i class=""ld ld-StarFill"" aria-hidden=""true"" style=""font-size: 12px; vertical-align: -0.175em; width: 12px; height: 12px; box-sizing: content-box;""></i><i class=""ld ld-StarFill"" aria-hidden=""true"" style=""font-size: 12px; vertical-align: -0.175em; width: 12px; height: 12px; box-sizing: content-box;""></i><i class=""ld ld-StarFill"" aria-hidden=""true"" style=""font-size: 12px; vertical-align: -0.175em; width: 12px; height: 12px; box-sizing: content-box;""></i><i class=""ld ld-StarHalf"" aria-hidden=""true"" style=""font-size: 12px; vertical-align: -0.175em; width: 12px; height: 12px; box-sizing: content-box;""></i></span><span class=""sans-serif gray f7"" aria-hidden=""true"" data-testid=""product-reviews"" data-value=""534"">534</span><span class=""w_iUH7"">4.6 out of 5 Stars. 534 reviews</span></div><div></div><div class=""flex items-center mt2 mb1""><div class=""f7 mr1 blue b lh-copy"">Save with</div><img loading=""lazy"" class=""flex"" src=""//i5.walmartimages.com/dfw/63fd9f59-ac39/29c6759d-7f14-49fa-bd3a-b870eb4fb8fb/v1/wplus-icon-blue.svg"" alt=""Walmart Plus"" height=""20"" width=""auto""></div><div class=""mt2"" data-automation-id=""fulfillment-badge""><div class=""f7 flex self-baseline dark-gray""><div>Pickup <span class=""b"">today</span></div></div><div class=""f7 flex self-baseline dark-gray""><div>Delivery <span class=""b"">today</span></div></div></div></div></div></div></div>"
"1739921083-29","https://www.walmart.com/browse/pets/cat-treats/5440_202073_6005312","<div role=""group"" data-item-id=""4JES99FGNSCV"" class=""sans-serif mid-gray relative flex flex-column w-100 hide-child-opacity""><a link-identifier=""1479658264"" class=""w-100 h-100 z-1 hide-sibling-opacity  absolute"" target="""" href=""/ip/Purina-Friskies-Cat-Treats-Party-Mix-Gravy-licious-Crunch-Chicken-and-Gravy-Flavors-2-1-oz-Pouch/1479658264?classType=VARIANT""><span class=""w_iUH7"">(5 pack) Purina Friskies Party Mix Gravy-licious, Cat Treats, Chicken &amp; Gravy, 2.1 oz Bag </span></a><div class="""" data-testid=""list-view""><div class=""""><div class=""""><div class=""relative""><div class=""relative overflow-hidden"" style=""max-width: 290px; height: 0px; padding-bottom: min(290px, 100%); align-self: center; width: min(290px, 100%);""><span><button type=""button"" class=""bg-white pointer pa0 black bn mt1 mr1 pa1 br4 absolute top-0 right-0 z-2"" data-automation-id=""heart-item"" aria-label=""Sign in to add to Favorites list, (5 pack) Purina Friskies Party Mix Gravy-licious, Cat Treats, Chicken &amp; Gravy, 2.1 oz Bag"" style=""width: 32px; height: 32px;""><i class=""ld ld-Heart  "" aria-hidden=""true"" style=""font-size: 1.5rem; vertical-align: -0.25em; padding-top: 1px; width: 1.5rem; height: 1.5rem; box-sizing: content-box;""></i></button></span><img loading=""lazy"" srcset=""https://i5.walmartimages.com/seo/Purina-Friskies-Cat-Treats-Party-Mix-Gravy-licious-Crunch-Chicken-and-Gravy-Flavors-2-1-oz-Pouch_7be3b0a7-ba75-4caf-8d23-f96faf4034cc.dda824618439b1b93b3a85e7e23687fb.jpeg?odnHeight=290&amp;odnWidth=290&amp;odnBg=FFFFFF 1x, https://i5.walmartimages.com/seo/Purina-Friskies-Cat-Treats-Party-Mix-Gravy-licious-Crunch-Chicken-and-Gravy-Flavors-2-1-oz-Pouch_7be3b0a7-ba75-4caf-8d23-f96faf4034cc.dda824618439b1b93b3a85e7e23687fb.jpeg?odnHeight=580&amp;odnWidth=580&amp;odnBg=FFFFFF 2x"" src=""https://i5.walmartimages.com/seo/Purina-Friskies-Cat-Treats-Party-Mix-Gravy-licious-Crunch-Chicken-and-Gravy-Flavors-2-1-oz-Pouch_7be3b0a7-ba75-4caf-8d23-f96faf4034cc.dda824618439b1b93b3a85e7e23687fb.jpeg?odnHeight=580&amp;odnWidth=580&amp;odnBg=FFFFFF"" id=""is-0-productImage-32"" width="""" height="""" class=""absolute top-0 left-0"" data-testid=""productTileImage"" alt=""(5 pack) Purina Friskies Party Mix Gravy-licious, Cat Treats, Chicken &amp; Gravy, 2.1 oz Bag""></div><div class=""z-2 relative mt3""><div class=""relative dib flex-row-reverse"" data-id=""4JES99FGNSCV""><a class=""w_hhLG w_8nsR w_jDfj pointer bn sans-serif b ph2 flex items-center justify-center w-auto shadow-1"" href=""/ip/Purina-Friskies-Cat-Treats-Party-Mix-Gravy-licious-Crunch-Chicken-and-Gravy-Flavors-2-1-oz-Pouch/1479658264?classType=VARIANT"" data-pcss-hide=""true"" aria-label=""Options - (5 pack) Purina Friskies Party Mix Gravy-licious, Cat Treats, Chicken &amp; Gravy, 2.1 oz Bag""><span class=""mh2"">Options</span></a></div></div></div><div class=""mt3 mb1"" data-testid=""variant-4JES99FGNSCV"" style=""height: 24px;""><div class=""f7 lh-solid tc h1 v-mid""><div aria-hidden=""true"" aria-labelledby=""variants-dynamic-4JES99FGNSCV"">+3 options</div><span class=""w_iUH7"" id=""variants-dynamic-4JES99FGNSCV"">Available in additional 3 options</span></div></div></div><div class=""""><div data-automation-id=""product-price"" class=""flex flex-wrap justify-start items-center lh-title mb0""><div class=""mr1 mr2-xl b black lh-solid f5 f4-l"" aria-hidden=""true""><span class=""f3""></span><span class=""f6 f5-l"" style=""vertical-align: 0.65ex; margin-right: 2px;"">$</span><span class=""f2"">7</span><span class=""f6 f5-l"" style=""vertical-align: 0.75ex;"">40</span></div><span class=""w_iUH7"">current price $7.40</span><div class=""gray mr1 f6 f5-l flex items-end mt1"">70.5 ¢/oz</div></div><div class=""f7 f6-l black mb2"">More options from $1.48</div><span class=""w_V_DM"" style=""-webkit-line-clamp: 3; padding-bottom: 0.100071em; margin-bottom: -0.100071em;""><span data-automation-id=""product-title"" class=""normal dark-gray mb0 mt1 lh-title f6 f5-l lh-copy"">(5 pack) Purina Friskies Party Mix Gravy-licious, Cat Treats, Chicken &amp; Gravy, 2.1 oz Bag</span></span><div class=""flex items-center mt2""><span class=""black inline-flex mr1"" data-testid=""product-ratings"" data-value=""4.8""><i class=""ld ld-StarFill"" aria-hidden=""true"" style=""font-size: 12px; vertical-align: -0.175em; width: 12px; height: 12px; box-sizing: content-box;""></i><i class=""ld ld-StarFill"" aria-hidden=""true"" style=""font-size: 12px; vertical-align: -0.175em; width: 12px; height: 12px; box-sizing: content-box;""></i><i class=""ld ld-StarFill"" aria-hidden=""true"" style=""font-size: 12px; vertical-align: -0.175em; width: 12px; height: 12px; box-sizing: content-box;""></i><i class=""ld ld-StarFill"" aria-hidden=""true"" style=""font-size: 12px; vertical-align: -0.175em; width: 12px; height: 12px; box-sizing: content-box;""></i><i class=""ld ld-StarFill"" aria-hidden=""true"" style=""font-size: 12px; vertical-align: -0.175em; width: 12px; height: 12px; box-sizing: content-box;""></i></span><span class=""sans-serif gray f7"" aria-hidden=""true"" data-testid=""product-reviews"" data-value=""1359"">1359</span><span class=""w_iUH7"">4.8 out of 5 Stars. 1359 reviews</span></div><div></div><div class=""flex items-center mt2 mb1""><div class=""f7 mr1 blue b lh-copy"">Save with</div><img loading=""lazy"" class=""flex"" src=""//i5.walmartimages.com/dfw/63fd9f59-ac39/29c6759d-7f14-49fa-bd3a-b870eb4fb8fb/v1/wplus-icon-blue.svg"" alt=""Walmart Plus"" height=""20"" width=""auto""></div><div class=""mt2"" data-automation-id=""fulfillment-badge""><div class=""f7 flex self-baseline dark-gray""><div>Pickup <span class=""b"">today</span></div></div><div class=""f7 flex self-baseline dark-gray""><div>Delivery <span class=""b"">today</span></div></div><div class=""f7 flex self-baseline dark-gray""><div>Shipping, arrives <span class=""b"">tomorrow</span></div></div></div></div></div></div></div>"
"1739921083-30","https://www.walmart.com/browse/pets/cat-treats/5440_202073_6005312","<div role=""group"" data-item-id=""11DJUAKWLXCS"" class=""sans-serif mid-gray relative flex flex-column w-100 hide-child-opacity""><a link-identifier=""284382410"" class=""w-100 h-100 z-1 hide-sibling-opacity  absolute"" target="""" href=""/ip/Special-Kitty-Crunchy-Creamy-Cat-Treats-Salmon-Flavor-16-oz/284382410?classType=VARIANT""><span class=""w_iUH7"">Special Kitty Crunchy &amp; Creamy Cat Treats, Salmon Flavor, 16 oz </span></a><div class="""" data-testid=""list-view""><div class=""""><div class=""""><div class=""relative""><div class=""relative overflow-hidden"" style=""max-width: 290px; height: 0px; padding-bottom: min(290px, 100%); align-self: center; width: min(290px, 100%);""><span><button type=""button"" class=""bg-white pointer pa0 black bn mt1 mr1 pa1 br4 absolute top-0 right-0 z-2"" data-automation-id=""heart-item"" aria-label=""Sign in to add to Favorites list, Special Kitty Crunchy &amp; Creamy Cat Treats, Salmon Flavor, 16 oz"" style=""width: 32px; height: 32px;""><i class=""ld ld-Heart  "" aria-hidden=""true"" style=""font-size: 1.5rem; vertical-align: -0.25em; padding-top: 1px; width: 1.5rem; height: 1.5rem; box-sizing: content-box;""></i></button></span><img loading=""lazy"" srcset=""https://i5.walmartimages.com/seo/Special-Kitty-Crunchy-Creamy-Cat-Treats-Salmon-Flavor-16-oz_8fcc83aa-1a12-4dd8-949a-a86c94db6970.9f4fd990a71d175139d2226f515d20d5.jpeg?odnHeight=290&amp;odnWidth=290&amp;odnBg=FFFFFF 1x, https://i5.walmartimages.com/seo/Special-Kitty-Crunchy-Creamy-Cat-Treats-Salmon-Flavor-16-oz_8fcc83aa-1a12-4dd8-949a-a86c94db6970.9f4fd990a71d175139d2226f515d20d5.jpeg?odnHeight=580&amp;odnWidth=580&amp;odnBg=FFFFFF 2x"" src=""https://i5.walmartimages.com/seo/Special-Kitty-Crunchy-Creamy-Cat-Treats-Salmon-Flavor-16-oz_8fcc83aa-1a12-4dd8-949a-a86c94db6970.9f4fd990a71d175139d2226f515d20d5.jpeg?odnHeight=580&amp;odnWidth=580&amp;odnBg=FFFFFF"" id=""is-0-productImage-33"" width="""" height="""" class=""absolute top-0 left-0"" data-testid=""productTileImage"" alt=""Special Kitty Crunchy &amp; Creamy Cat Treats, Salmon Flavor, 16 oz""></div><div class=""z-2 relative mt3""><div class=""relative dib flex-row-reverse"" data-id=""11DJUAKWLXCS""><button class=""w_hhLG w_8nsR w_jDfj pointer bn sans-serif b ph2 flex items-center justify-center w-auto shadow-1"" type=""button"" data-pcss-hide=""true"" data-automation-id=""add-to-cart"" aria-label=""Add to cart - Special Kitty Crunchy &amp; Creamy Cat Treats, Salmon Flavor, 16 oz""><i class=""ld ld-Plus"" title=""add to cart"" style=""font-size: 1.5rem; vertical-align: -0.25em; width: 1.5rem; height: 1.5rem; box-sizing: content-box;""></i><span class=""mr2"">Add</span></button></div></div></div><div class=""nt2"" data-testid=""variant-11DJUAKWLXCS"" style=""height: 24px;""></div></div><div class=""""><div data-automation-id=""product-price"" class=""flex flex-wrap justify-start items-center lh-title mb1""><div class=""mr1 mr2-xl b black lh-solid f5 f4-l"" aria-hidden=""true""><span class=""f3""></span><span class=""f6 f5-l"" style=""vertical-align: 0.65ex; margin-right: 2px;"">$</span><span class=""f2"">6</span><span class=""f6 f5-l"" style=""vertical-align: 0.75ex;"">32</span></div><span class=""w_iUH7"">current price $6.32</span></div><span class=""w_V_DM"" style=""-webkit-line-clamp: 3; padding-bottom: 0.100071em; margin-bottom: -0.100071em;""><span data-automation-id=""product-title"" class=""normal dark-gray mb0 mt1 lh-title f6 f5-l lh-copy"">Special Kitty Crunchy &amp; Creamy Cat Treats, Salmon Flavor, 16 oz</span></span><div class=""flex items-center mt2""><span class=""black inline-flex mr1"" data-testid=""product-ratings"" data-value=""4.6""><i class=""ld ld-StarFill"" aria-hidden=""true"" style=""font-size: 12px; vertical-align: -0.175em; width: 12px; height: 12px; box-sizing: content-box;""></i><i class=""ld ld-StarFill"" aria-hidden=""true"" style=""font-size: 12px; vertical-align: -0.175em; width: 12px; height: 12px; box-sizing: content-box;""></i><i class=""ld ld-StarFill"" aria-hidden=""true"" style=""font-size: 12px; vertical-align: -0.175em; width: 12px; height: 12px; box-sizing: content-box;""></i><i class=""ld ld-StarFill"" aria-hidden=""true"" style=""font-size: 12px; vertical-align: -0.175em; width: 12px; height: 12px; box-sizing: content-box;""></i><i class=""ld ld-StarHalf"" aria-hidden=""true"" style=""font-size: 12px; vertical-align: -0.175em; width: 12px; height: 12px; box-sizing: content-box;""></i></span><span class=""sans-serif gray f7"" aria-hidden=""true"" data-testid=""product-reviews"" data-value=""983"">983</span><span class=""w_iUH7"">4.6 out of 5 Stars. 983 reviews</span></div><div></div><div class=""flex items-center mt2 mb1""><div class=""f7 mr1 blue b lh-copy"">Save with</div><img loading=""lazy"" class=""flex"" src=""//i5.walmartimages.com/dfw/63fd9f59-ac39/29c6759d-7f14-49fa-bd3a-b870eb4fb8fb/v1/wplus-icon-blue.svg"" alt=""Walmart Plus"" height=""20"" width=""auto""></div><div class=""mt2"" data-automation-id=""fulfillment-badge""><div class=""f7 flex self-baseline dark-gray""><div>Pickup <span class=""b"">today</span></div></div><div class=""f7 flex self-baseline dark-gray""><div>Delivery <span class=""b"">today</span></div></div><div class=""f7 flex self-baseline dark-gray""><div>Shipping, arrives <span class=""b"">tomorrow</span></div></div></div></div></div></div></div>"
"1739921083-31","https://www.walmart.com/browse/pets/cat-treats/5440_202073_6005312","<div role=""group"" data-item-id=""6IB88YCR32TF"" class=""sans-serif mid-gray relative flex flex-column w-100 hide-child-opacity""><a link-identifier=""705841977"" class=""w-100 h-100 z-1 hide-sibling-opacity  absolute"" target="""" href=""/ip/Temptations-Shakeups-Crustacean-Celebration-Flavor-Crunchy-And-Soft-Treats-For-Cats-2-47-Oz-Pouch/705841977?classType=VARIANT""><span class=""w_iUH7"">Temptations Shakeups Crustacean Celebration Flavor Crunchy and Soft Treats For Cats, 2.47 oz Pouch </span></a><div class="""" data-testid=""list-view""><div class=""""><div class=""""><div class=""relative""><div class=""relative overflow-hidden"" style=""max-width: 290px; height: 0px; padding-bottom: min(290px, 100%); align-self: center; width: min(290px, 100%);""><span><button type=""button"" class=""bg-white pointer pa0 black bn mt1 mr1 pa1 br4 absolute top-0 right-0 z-2"" data-automation-id=""heart-item"" aria-label=""Sign in to add to Favorites list, Temptations Shakeups Crustacean Celebration Flavor Crunchy and Soft Treats For Cats, 2.47 oz Pouch"" style=""width: 32px; height: 32px;""><i class=""ld ld-Heart  "" aria-hidden=""true"" style=""font-size: 1.5rem; vertical-align: -0.25em; padding-top: 1px; width: 1.5rem; height: 1.5rem; box-sizing: content-box;""></i></button></span><img loading=""lazy"" srcset=""https://i5.walmartimages.com/seo/Temptations-Shakeups-Crustacean-Celebration-Flavor-Crunchy-And-Soft-Treats-For-Cats-2-47-Oz-Pouch_38032319-69e6-40f6-8483-12e9eed406ed.87a96184a47dfcb7bfaba7ea56e1de14.jpeg?odnHeight=290&amp;odnWidth=290&amp;odnBg=FFFFFF 1x, https://i5.walmartimages.com/seo/Temptations-Shakeups-Crustacean-Celebration-Flavor-Crunchy-And-Soft-Treats-For-Cats-2-47-Oz-Pouch_38032319-69e6-40f6-8483-12e9eed406ed.87a96184a47dfcb7bfaba7ea56e1de14.jpeg?odnHeight=580&amp;odnWidth=580&amp;odnBg=FFFFFF 2x"" src=""https://i5.walmartimages.com/seo/Temptations-Shakeups-Crustacean-Celebration-Flavor-Crunchy-And-Soft-Treats-For-Cats-2-47-Oz-Pouch_38032319-69e6-40f6-8483-12e9eed406ed.87a96184a47dfcb7bfaba7ea56e1de14.jpeg?odnHeight=580&amp;odnWidth=580&amp;odnBg=FFFFFF"" id=""is-0-productImage-35"" width="""" height="""" class=""absolute top-0 left-0"" data-testid=""productTileImage"" alt=""Temptations Shakeups Crustacean Celebration Flavor Crunchy and Soft Treats For Cats, 2.47 oz Pouch""></div><div class=""z-2 relative mt3""><div class=""relative dib flex-row-reverse"" data-id=""6IB88YCR32TF""><button class=""w_hhLG w_8nsR w_jDfj pointer bn sans-serif b ph2 flex items-center justify-center w-auto shadow-1"" type=""button"" data-pcss-hide=""true"" data-automation-id=""add-to-cart"" aria-label=""Add to cart - Temptations Shakeups Crustacean Celebration Flavor Crunchy and Soft Treats For Cats, 2.47 oz Pouch""><i class=""ld ld-Plus"" title=""add to cart"" style=""font-size: 1.5rem; vertical-align: -0.25em; width: 1.5rem; height: 1.5rem; box-sizing: content-box;""></i><span class=""mr2"">Add</span></button></div></div></div><div class=""nt2"" data-testid=""variant-6IB88YCR32TF"" style=""height: 24px;""></div></div><div class=""""><div data-automation-id=""product-price"" class=""flex flex-wrap justify-start items-center lh-title mb1""><div class=""mr1 mr2-xl b black lh-solid f5 f4-l"" aria-hidden=""true""><span class=""f3""></span><span class=""f6 f5-l"" style=""vertical-align: 0.65ex; margin-right: 2px;"">$</span><span class=""f2"">2</span><span class=""f6 f5-l"" style=""vertical-align: 0.75ex;"">58</span></div><span class=""w_iUH7"">current price $2.58</span><div class=""gray mr1 f6 f5-l flex items-end mt1"">$1.03/oz</div></div><span class=""w_V_DM"" style=""-webkit-line-clamp: 3; padding-bottom: 0.100071em; margin-bottom: -0.100071em;""><span data-automation-id=""product-title"" class=""normal dark-gray mb0 mt1 lh-title f6 f5-l lh-copy"">Temptations Shakeups Crustacean Celebration Flavor Crunchy and Soft Treats For Cats, 2.47 oz Pouch</span></span><div class=""flex items-center mt2""><span class=""black inline-flex mr1"" data-testid=""product-ratings"" data-value=""4.8""><i class=""ld ld-StarFill"" aria-hidden=""true"" style=""font-size: 12px; vertical-align: -0.175em; width: 12px; height: 12px; box-sizing: content-box;""></i><i class=""ld ld-StarFill"" aria-hidden=""true"" style=""font-size: 12px; vertical-align: -0.175em; width: 12px; height: 12px; box-sizing: content-box;""></i><i class=""ld ld-StarFill"" aria-hidden=""true"" style=""font-size: 12px; vertical-align: -0.175em; width: 12px; height: 12px; box-sizing: content-box;""></i><i class=""ld ld-StarFill"" aria-hidden=""true"" style=""font-size: 12px; vertical-align: -0.175em; width: 12px; height: 12px; box-sizing: content-box;""></i><i class=""ld ld-StarFill"" aria-hidden=""true"" style=""font-size: 12px; vertical-align: -0.175em; width: 12px; height: 12px; box-sizing: content-box;""></i></span><span class=""sans-serif gray f7"" aria-hidden=""true"" data-testid=""product-reviews"" data-value=""1137"">1137</span><span class=""w_iUH7"">4.8 out of 5 Stars. 1137 reviews</span></div><div></div><div class=""flex items-center mt2 mb1""><div class=""f7 mr1 blue b lh-copy"">Save with</div><img loading=""lazy"" class=""flex"" src=""//i5.walmartimages.com/dfw/63fd9f59-ac39/29c6759d-7f14-49fa-bd3a-b870eb4fb8fb/v1/wplus-icon-blue.svg"" alt=""Walmart Plus"" height=""20"" width=""auto""></div><div class=""mt2"" data-automation-id=""fulfillment-badge""><div class=""f7 flex self-baseline dark-gray""><div>Pickup <span class=""b"">today</span></div></div><div class=""f7 flex self-baseline dark-gray""><div>Delivery <span class=""b"">today</span></div></div><div class=""f7 flex self-baseline dark-gray""><div>Shipping, arrives <span class=""b"">tomorrow</span></div></div></div></div></div></div></div>"
"1739921083-32","https://www.walmart.com/browse/pets/cat-treats/5440_202073_6005312","<div role=""group"" data-item-id=""73DOAPOKOL43"" class=""sans-serif mid-gray relative flex flex-column w-100 hide-child-opacity""><a link-identifier=""285874103"" class=""w-100 h-100 z-1 hide-sibling-opacity  absolute"" target="""" href=""/ip/Hartz-Delectables-Stew-Lickable-Wet-Cat-Treats-Variety-Pack-30-Count/285874103?classType=VARIANT""><span class=""w_iUH7"">Hartz Delectables Stew Lickable Wet Cat Treats Variety Pack, 30 Count </span></a><div class="""" data-testid=""list-view""><div class=""""><div class=""""><div class=""relative""><div class=""relative overflow-hidden"" style=""max-width: 290px; height: 0px; padding-bottom: min(290px, 100%); align-self: center; width: min(290px, 100%);""><span><button type=""button"" class=""bg-white pointer pa0 black bn mt1 mr1 pa1 br4 absolute top-0 right-0 z-2"" data-automation-id=""heart-item"" aria-label=""Sign in to add to Favorites list, Hartz Delectables Stew Lickable Wet Cat Treats Variety Pack, 30 Count"" style=""width: 32px; height: 32px;""><i class=""ld ld-Heart  "" aria-hidden=""true"" style=""font-size: 1.5rem; vertical-align: -0.25em; padding-top: 1px; width: 1.5rem; height: 1.5rem; box-sizing: content-box;""></i></button></span><img loading=""lazy"" srcset=""https://i5.walmartimages.com/seo/Hartz-Delectables-Stew-Lickable-Wet-Cat-Treats-Variety-Pack-30-Count_a921ed7d-65c7-4d18-b656-42a705f605fd.a1c9535dd5ed108a2e9b8f9e03415a75.jpeg?odnHeight=290&amp;odnWidth=290&amp;odnBg=FFFFFF 1x, https://i5.walmartimages.com/seo/Hartz-Delectables-Stew-Lickable-Wet-Cat-Treats-Variety-Pack-30-Count_a921ed7d-65c7-4d18-b656-42a705f605fd.a1c9535dd5ed108a2e9b8f9e03415a75.jpeg?odnHeight=580&amp;odnWidth=580&amp;odnBg=FFFFFF 2x"" src=""https://i5.walmartimages.com/seo/Hartz-Delectables-Stew-Lickable-Wet-Cat-Treats-Variety-Pack-30-Count_a921ed7d-65c7-4d18-b656-42a705f605fd.a1c9535dd5ed108a2e9b8f9e03415a75.jpeg?odnHeight=580&amp;odnWidth=580&amp;odnBg=FFFFFF"" id=""is-0-productImage-36"" width="""" height="""" class=""absolute top-0 left-0"" data-testid=""productTileImage"" alt=""Hartz Delectables Stew Lickable Wet Cat Treats Variety Pack, 30 Count""></div><div class=""z-2 relative mt3""><div class=""relative dib flex-row-reverse"" data-id=""73DOAPOKOL43""><a class=""w_hhLG w_8nsR w_jDfj pointer bn sans-serif b ph2 flex items-center justify-center w-auto shadow-1"" href=""/ip/Hartz-Delectables-Stew-Lickable-Wet-Cat-Treats-Variety-Pack-30-Count/285874103?classType=VARIANT"" data-pcss-hide=""true"" aria-label=""Options - Hartz Delectables Stew Lickable Wet Cat Treats Variety Pack, 30 Count""><span class=""mh2"">Options</span></a></div></div></div><div class=""mt3 mb1"" data-testid=""variant-73DOAPOKOL43"" style=""height: 24px;""><div class=""f7 lh-solid tc h1 v-mid""><div aria-hidden=""true"" aria-labelledby=""variants-dynamic-73DOAPOKOL43"">+3 options</div><span class=""w_iUH7"" id=""variants-dynamic-73DOAPOKOL43"">Available in additional 3 options</span></div></div></div><div class=""""><div data-automation-id=""product-price"" class=""flex flex-wrap justify-start items-center lh-title mb0""><div class=""mr1 mr2-xl b black lh-solid f5 f4-l"" aria-hidden=""true""><span class=""f3""></span><span class=""f6 f5-l"" style=""vertical-align: 0.65ex; margin-right: 2px;"">$</span><span class=""f2"">31</span><span class=""f6 f5-l"" style=""vertical-align: 0.75ex;"">80</span></div><span class=""w_iUH7"">current price $31.80</span><div class=""gray mr1 f6 f5-l flex items-end mt1"">75.7 ¢/oz</div></div><div class=""f7 f6-l black mb2"">Options from $31.80 – $86.99</div><span class=""w_V_DM"" style=""-webkit-line-clamp: 3; padding-bottom: 0.100071em; margin-bottom: -0.100071em;""><span data-automation-id=""product-title"" class=""normal dark-gray mb0 mt1 lh-title f6 f5-l lh-copy"">Hartz Delectables Stew Lickable Wet Cat Treats Variety Pack, 30 Count</span></span><div class=""flex items-center mt2""><span class=""black inline-flex mr1"" data-testid=""product-ratings"" data-value=""4.8""><i class=""ld ld-StarFill"" aria-hidden=""true"" style=""font-size: 12px; vertical-align: -0.175em; width: 12px; height: 12px; box-sizing: content-box;""></i><i class=""ld ld-StarFill"" aria-hidden=""true"" style=""font-size: 12px; vertical-align: -0.175em; width: 12px; height: 12px; box-sizing: content-box;""></i><i class=""ld ld-StarFill"" aria-hidden=""true"" style=""font-size: 12px; vertical-align: -0.175em; width: 12px; height: 12px; box-sizing: content-box;""></i><i class=""ld ld-StarFill"" aria-hidden=""true"" style=""font-size: 12px; vertical-align: -0.175em; width: 12px; height: 12px; box-sizing: content-box;""></i><i class=""ld ld-StarFill"" aria-hidden=""true"" style=""font-size: 12px; vertical-align: -0.175em; width: 12px; height: 12px; box-sizing: content-box;""></i></span><span class=""sans-serif gray f7"" aria-hidden=""true"" data-testid=""product-reviews"" data-value=""803"">803</span><span class=""w_iUH7"">4.8 out of 5 Stars. 803 reviews</span></div><div></div><div class=""flex items-center mt2 mb1""><div class=""f7 mr1 blue b lh-copy"">Save with</div><img loading=""lazy"" class=""flex"" src=""//i5.walmartimages.com/dfw/63fd9f59-ac39/29c6759d-7f14-49fa-bd3a-b870eb4fb8fb/v1/wplus-icon-blue.svg"" alt=""Walmart Plus"" height=""20"" width=""auto""></div><div class=""mt2"" data-automation-id=""fulfillment-badge""><div class=""f7 flex self-baseline dark-gray""><div>Shipping, arrives <span class=""b"">tomorrow</span></div></div></div></div></div></div></div>"
"1739921083-33","https://www.walmart.com/browse/pets/cat-treats/5440_202073_6005312","<div role=""group"" data-item-id=""54O5FKYHB593"" class=""sans-serif mid-gray relative flex flex-column w-100 hide-child-opacity""><a link-identifier=""256536547"" class=""w-100 h-100 z-1 hide-sibling-opacity  absolute"" target="""" href=""/ip/Temptations-Jumbo-Stuff-Tempting-Tuna-Flavor-Crunchy-And-Soft-Treats-For-Cats-14-Oz-Tub/256536547?classType=VARIANT""><span class=""w_iUH7"">Temptations Jumbo Stuff Tempting Tuna Flavor Crunchy and Soft Dry Cat Treats, 14 oz Tub </span></a><div class="""" data-testid=""list-view""><div class=""""><div class=""""><div class=""relative""><div class=""relative overflow-hidden"" style=""max-width: 290px; height: 0px; padding-bottom: min(290px, 100%); align-self: center; width: min(290px, 100%);""><span><button type=""button"" class=""bg-white pointer pa0 black bn mt1 mr1 pa1 br4 absolute top-0 right-0 z-2"" data-automation-id=""heart-item"" aria-label=""Sign in to add to Favorites list, Temptations Jumbo Stuff Tempting Tuna Flavor Crunchy and Soft Dry Cat Treats, 14 oz Tub"" style=""width: 32px; height: 32px;""><i class=""ld ld-Heart  "" aria-hidden=""true"" style=""font-size: 1.5rem; vertical-align: -0.25em; padding-top: 1px; width: 1.5rem; height: 1.5rem; box-sizing: content-box;""></i></button></span><img loading=""lazy"" srcset=""https://i5.walmartimages.com/seo/Temptations-Jumbo-Stuff-Tempting-Tuna-Flavor-Crunchy-And-Soft-Treats-For-Cats-14-Oz-Tub_e1e6d9d9-4c15-4d25-a86e-8cce4ae71815.66bca06c1b905eb3a998a3a3da7e2cde.jpeg?odnHeight=290&amp;odnWidth=290&amp;odnBg=FFFFFF 1x, https://i5.walmartimages.com/seo/Temptations-Jumbo-Stuff-Tempting-Tuna-Flavor-Crunchy-And-Soft-Treats-For-Cats-14-Oz-Tub_e1e6d9d9-4c15-4d25-a86e-8cce4ae71815.66bca06c1b905eb3a998a3a3da7e2cde.jpeg?odnHeight=580&amp;odnWidth=580&amp;odnBg=FFFFFF 2x"" src=""https://i5.walmartimages.com/seo/Temptations-Jumbo-Stuff-Tempting-Tuna-Flavor-Crunchy-And-Soft-Treats-For-Cats-14-Oz-Tub_e1e6d9d9-4c15-4d25-a86e-8cce4ae71815.66bca06c1b905eb3a998a3a3da7e2cde.jpeg?odnHeight=580&amp;odnWidth=580&amp;odnBg=FFFFFF"" id=""is-0-productImage-37"" width="""" height="""" class=""absolute top-0 left-0"" data-testid=""productTileImage"" alt=""Temptations Jumbo Stuff Tempting Tuna Flavor Crunchy and Soft Dry Cat Treats, 14 oz Tub""></div><div class=""z-2 relative mt3""><div class=""relative dib flex-row-reverse"" data-id=""54O5FKYHB593""><a class=""w_hhLG w_8nsR w_jDfj pointer bn sans-serif b ph2 flex items-center justify-center w-auto shadow-1"" href=""/ip/Temptations-Jumbo-Stuff-Tempting-Tuna-Flavor-Crunchy-And-Soft-Treats-For-Cats-14-Oz-Tub/256536547?classType=VARIANT"" data-pcss-hide=""true"" aria-label=""Options - Temptations Jumbo Stuff Tempting Tuna Flavor Crunchy and Soft Dry Cat Treats, 14 oz Tub""><span class=""mh2"">Options</span></a></div></div></div><div class=""mt3 mb1"" data-testid=""variant-54O5FKYHB593"" style=""height: 24px;""><div class=""f7 lh-solid tc h1 v-mid""><div aria-hidden=""true"" aria-labelledby=""variants-dynamic-54O5FKYHB593"">+2 sizes</div><span class=""w_iUH7"" id=""variants-dynamic-54O5FKYHB593"">Available in additional 2 sizes</span></div></div></div><div class=""""><div data-automation-id=""product-price"" class=""flex flex-wrap justify-start items-center lh-title mb1""><div class=""mr1 mr2-xl b black lh-solid f5 f4-l"" aria-hidden=""true""><span class=""f3""></span><span class=""f6 f5-l"" style=""vertical-align: 0.65ex; margin-right: 2px;"">$</span><span class=""f2"">9</span><span class=""f6 f5-l"" style=""vertical-align: 0.75ex;"">09</span></div><span class=""w_iUH7"">current price $9.09</span><div class=""gray mr1 f6 f5-l flex items-end mt1"">64.9 ¢/oz</div></div><span class=""w_V_DM"" style=""-webkit-line-clamp: 3; padding-bottom: 0.100071em; margin-bottom: -0.100071em;""><span data-automation-id=""product-title"" class=""normal dark-gray mb0 mt1 lh-title f6 f5-l lh-copy"">Temptations Jumbo Stuff Tempting Tuna Flavor Crunchy and Soft Dry Cat Treats, 14 oz Tub</span></span><div class=""flex items-center mt2""><span class=""black inline-flex mr1"" data-testid=""product-ratings"" data-value=""4.7""><i class=""ld ld-StarFill"" aria-hidden=""true"" style=""font-size: 12px; vertical-align: -0.175em; width: 12px; height: 12px; box-sizing: content-box;""></i><i class=""ld ld-StarFill"" aria-hidden=""true"" style=""font-size: 12px; vertical-align: -0.175em; width: 12px; height: 12px; box-sizing: content-box;""></i><i class=""ld ld-StarFill"" aria-hidden=""true"" style=""font-size: 12px; vertical-align: -0.175em; width: 12px; height: 12px; box-sizing: content-box;""></i><i class=""ld ld-StarFill"" aria-hidden=""true"" style=""font-size: 12px; vertical-align: -0.175em; width: 12px; height: 12px; box-sizing: content-box;""></i><i class=""ld ld-StarHalf"" aria-hidden=""true"" style=""font-size: 12px; vertical-align: -0.175em; width: 12px; height: 12px; box-sizing: content-box;""></i></span><span class=""sans-serif gray f7"" aria-hidden=""true"" data-testid=""product-reviews"" data-value=""1662"">1662</span><span class=""w_iUH7"">4.7 out of 5 Stars. 1662 reviews</span></div><div></div><div class=""flex items-center mt2 mb1""><div class=""f7 mr1 blue b lh-copy"">Save with</div><img loading=""lazy"" class=""flex"" src=""//i5.walmartimages.com/dfw/63fd9f59-ac39/29c6759d-7f14-49fa-bd3a-b870eb4fb8fb/v1/wplus-icon-blue.svg"" alt=""Walmart Plus"" height=""20"" width=""auto""></div><div class=""mt2"" data-automation-id=""fulfillment-badge""><div class=""f7 flex self-baseline dark-gray""><div>Pickup <span class=""b"">today</span></div></div><div class=""f7 flex self-baseline dark-gray""><div>Delivery <span class=""b"">today</span></div></div><div class=""f7 flex self-baseline dark-gray""><div>Shipping, arrives <span class=""b"">tomorrow</span></div></div></div></div></div></div></div>"
"1739921083-34","https://www.walmart.com/browse/pets/cat-treats/5440_202073_6005312","<div role=""group"" data-item-id=""735GGHDJW00W"" class=""sans-serif mid-gray relative flex flex-column w-100 hide-child-opacity""><a link-identifier=""5550081458"" class=""w-100 h-100 z-1 hide-sibling-opacity  absolute"" target="""" href=""/ip/Purina-Friskies-Party-Mix-Cat-Treats-Beachside-Crunch-Snacks-30-oz-Canister/5550081458?classType=VARIANT""><span class=""w_iUH7"">(2 pack) Purina Friskies Party Mix Cat Treats, Beachside Crunch Snacks, 30 oz. Canister </span></a><div class="""" data-testid=""list-view""><div class=""""><div class=""""><div class=""relative""><div class=""relative overflow-hidden"" style=""max-width: 290px; height: 0px; padding-bottom: min(290px, 100%); align-self: center; width: min(290px, 100%);""><span><button type=""button"" class=""bg-white pointer pa0 black bn mt1 mr1 pa1 br4 absolute top-0 right-0 z-2"" data-automation-id=""heart-item"" aria-label=""Sign in to add to Favorites list, (2 pack) Purina Friskies Party Mix Cat Treats, Beachside Crunch Snacks, 30 oz. Canister"" style=""width: 32px; height: 32px;""><i class=""ld ld-Heart  "" aria-hidden=""true"" style=""font-size: 1.5rem; vertical-align: -0.25em; padding-top: 1px; width: 1.5rem; height: 1.5rem; box-sizing: content-box;""></i></button></span><img loading=""lazy"" srcset=""https://i5.walmartimages.com/seo/Purina-Friskies-Party-Mix-Cat-Treats-Beachside-Crunch-Snacks-30-oz-Canister_219ed6cf-f228-4b1e-968e-8d632f8c9a9f.b702c35477cb2af5f6810d8ee002b19e.jpeg?odnHeight=290&amp;odnWidth=290&amp;odnBg=FFFFFF 1x, https://i5.walmartimages.com/seo/Purina-Friskies-Party-Mix-Cat-Treats-Beachside-Crunch-Snacks-30-oz-Canister_219ed6cf-f228-4b1e-968e-8d632f8c9a9f.b702c35477cb2af5f6810d8ee002b19e.jpeg?odnHeight=580&amp;odnWidth=580&amp;odnBg=FFFFFF 2x"" src=""https://i5.walmartimages.com/seo/Purina-Friskies-Party-Mix-Cat-Treats-Beachside-Crunch-Snacks-30-oz-Canister_219ed6cf-f228-4b1e-968e-8d632f8c9a9f.b702c35477cb2af5f6810d8ee002b19e.jpeg?odnHeight=580&amp;odnWidth=580&amp;odnBg=FFFFFF"" id=""is-0-productImage-38"" width="""" height="""" class=""absolute top-0 left-0"" data-testid=""productTileImage"" alt=""(2 pack) Purina Friskies Party Mix Cat Treats, Beachside Crunch Snacks, 30 oz. Canister""></div><div class=""z-2 relative mt3""><div class=""relative dib flex-row-reverse"" data-id=""735GGHDJW00W""><a class=""w_hhLG w_8nsR w_jDfj pointer bn sans-serif b ph2 flex items-center justify-center w-auto shadow-1"" href=""/ip/Purina-Friskies-Party-Mix-Cat-Treats-Beachside-Crunch-Snacks-30-oz-Canister/5550081458?classType=VARIANT"" data-pcss-hide=""true"" aria-label=""Options - (2 pack) Purina Friskies Party Mix Cat Treats, Beachside Crunch Snacks, 30 oz. Canister""><span class=""mh2"">Options</span></a></div></div></div><div class=""mt3 mb1"" data-testid=""variant-735GGHDJW00W"" style=""height: 24px;""><div class=""f7 lh-solid tc h1 v-mid""><div aria-hidden=""true"" aria-labelledby=""variants-dynamic-735GGHDJW00W"">+2 options</div><span class=""w_iUH7"" id=""variants-dynamic-735GGHDJW00W"">Available in additional 2 options</span></div></div></div><div class=""""><div data-automation-id=""product-price"" class=""flex flex-wrap justify-start items-center lh-title mb0""><div class=""mr1 mr2-xl b black lh-solid f5 f4-l"" aria-hidden=""true""><span class=""f3""></span><span class=""f6 f5-l"" style=""vertical-align: 0.65ex; margin-right: 2px;"">$</span><span class=""f2"">24</span><span class=""f6 f5-l"" style=""vertical-align: 0.75ex;"">88</span></div><span class=""w_iUH7"">current price $24.88</span><div class=""gray mr1 f6 f5-l flex items-end mt1"">41.5 ¢/oz</div></div><div class=""f7 f6-l black mb2"">More options from $12.44</div><span class=""w_V_DM"" style=""-webkit-line-clamp: 3; padding-bottom: 0.100071em; margin-bottom: -0.100071em;""><span data-automation-id=""product-title"" class=""normal dark-gray mb0 mt1 lh-title f6 f5-l lh-copy"">(2 pack) Purina Friskies Party Mix Cat Treats, Beachside Crunch Snacks, 30 oz. Canister</span></span><div class=""flex items-center mt2""><span class=""black inline-flex mr1"" data-testid=""product-ratings"" data-value=""4.8""><i class=""ld ld-StarFill"" aria-hidden=""true"" style=""font-size: 12px; vertical-align: -0.175em; width: 12px; height: 12px; box-sizing: content-box;""></i><i class=""ld ld-StarFill"" aria-hidden=""true"" style=""font-size: 12px; vertical-align: -0.175em; width: 12px; height: 12px; box-sizing: content-box;""></i><i class=""ld ld-StarFill"" aria-hidden=""true"" style=""font-size: 12px; vertical-align: -0.175em; width: 12px; height: 12px; box-sizing: content-box;""></i><i class=""ld ld-StarFill"" aria-hidden=""true"" style=""font-size: 12px; vertical-align: -0.175em; width: 12px; height: 12px; box-sizing: content-box;""></i><i class=""ld ld-StarFill"" aria-hidden=""true"" style=""font-size: 12px; vertical-align: -0.175em; width: 12px; height: 12px; box-sizing: content-box;""></i></span><span class=""sans-serif gray f7"" aria-hidden=""true"" data-testid=""product-reviews"" data-value=""4306"">4306</span><span class=""w_iUH7"">4.8 out of 5 Stars. 4306 reviews</span></div><div></div><div class=""flex items-center mt2 mb1""><div class=""f7 mr1 blue b lh-copy"">Save with</div><img loading=""lazy"" class=""flex"" src=""//i5.walmartimages.com/dfw/63fd9f59-ac39/29c6759d-7f14-49fa-bd3a-b870eb4fb8fb/v1/wplus-icon-blue.svg"" alt=""Walmart Plus"" height=""20"" width=""auto""></div><div class=""mt2"" data-automation-id=""fulfillment-badge""><div class=""f7 flex self-baseline dark-gray""><div>Pickup <span class=""b"">today</span></div></div><div class=""f7 flex self-baseline dark-gray""><div>Delivery <span class=""b"">today</span></div></div><div class=""f7 flex self-baseline dark-gray""><div>Shipping, arrives <span class=""b"">tomorrow</span></div></div></div></div></div></div></div>"
"1739921083-35","https://www.walmart.com/browse/pets/cat-treats/5440_202073_6005312","<div role=""group"" data-item-id=""5VJNNVBMDY82"" class=""sans-serif mid-gray relative flex flex-column w-100 hide-child-opacity""><a link-identifier=""616981705"" class=""w-100 h-100 z-1 hide-sibling-opacity  absolute"" target="""" href=""/ip/SmartyKat-Catnip-with-Silvervine-Pure-Potent-Blend-for-Cats-Resealable-Pouch-0-5-oz/616981705?classType=VARIANT""><span class=""w_iUH7"">SmartyKat Catnip with Silvervine, Pure &amp; Potent Blend for Cats, Resealable Pouch, 0.5 oz </span></a><div class="""" data-testid=""list-view""><div class=""""><div class=""""><div class=""relative""><div class=""relative overflow-hidden"" style=""max-width: 290px; height: 0px; padding-bottom: min(290px, 100%); align-self: center; width: min(290px, 100%);""><span><button type=""button"" class=""bg-white pointer pa0 black bn mt1 mr1 pa1 br4 absolute top-0 right-0 z-2"" data-automation-id=""heart-item"" aria-label=""Sign in to add to Favorites list, SmartyKat Catnip with Silvervine, Pure &amp; Potent Blend for Cats, Resealable Pouch, 0.5 oz"" style=""width: 32px; height: 32px;""><i class=""ld ld-Heart  "" aria-hidden=""true"" style=""font-size: 1.5rem; vertical-align: -0.25em; padding-top: 1px; width: 1.5rem; height: 1.5rem; box-sizing: content-box;""></i></button></span><img loading=""lazy"" srcset=""https://i5.walmartimages.com/seo/SmartyKat-Catnip-with-Silvervine-Pure-Potent-Blend-for-Cats-Resealable-Pouch-0-5-oz_b46f30a5-3744-4a91-89ce-ff5d62a528f2.d95c0ad0180507eb91661e5d628a6a2e.jpeg?odnHeight=290&amp;odnWidth=290&amp;odnBg=FFFFFF 1x, https://i5.walmartimages.com/seo/SmartyKat-Catnip-with-Silvervine-Pure-Potent-Blend-for-Cats-Resealable-Pouch-0-5-oz_b46f30a5-3744-4a91-89ce-ff5d62a528f2.d95c0ad0180507eb91661e5d628a6a2e.jpeg?odnHeight=580&amp;odnWidth=580&amp;odnBg=FFFFFF 2x"" src=""https://i5.walmartimages.com/seo/SmartyKat-Catnip-with-Silvervine-Pure-Potent-Blend-for-Cats-Resealable-Pouch-0-5-oz_b46f30a5-3744-4a91-89ce-ff5d62a528f2.d95c0ad0180507eb91661e5d628a6a2e.jpeg?odnHeight=580&amp;odnWidth=580&amp;odnBg=FFFFFF"" id=""is-0-productImage-39"" width="""" height="""" class=""absolute top-0 left-0"" data-testid=""productTileImage"" alt=""SmartyKat Catnip with Silvervine, Pure &amp; Potent Blend for Cats, Resealable Pouch, 0.5 oz""></div><div class=""z-2 relative mt3""><div class=""relative dib flex-row-reverse"" data-id=""5VJNNVBMDY82""><a class=""w_hhLG w_8nsR w_jDfj pointer bn sans-serif b ph2 flex items-center justify-center w-auto shadow-1"" href=""/ip/SmartyKat-Catnip-with-Silvervine-Pure-Potent-Blend-for-Cats-Resealable-Pouch-0-5-oz/616981705?classType=VARIANT"" data-pcss-hide=""true"" aria-label=""Options - SmartyKat Catnip with Silvervine, Pure &amp; Potent Blend for Cats, Resealable Pouch, 0.5 oz""><span class=""mh2"">Options</span></a></div></div></div><div class=""mt3 mb1"" data-testid=""variant-5VJNNVBMDY82"" style=""height: 24px;""><div class=""f7 lh-solid tc h1 v-mid""><div aria-hidden=""true"" aria-labelledby=""variants-dynamic-5VJNNVBMDY82"">+2 options</div><span class=""w_iUH7"" id=""variants-dynamic-5VJNNVBMDY82"">Available in additional 2 options</span></div></div></div><div class=""""><div data-automation-id=""product-price"" class=""flex flex-wrap justify-start items-center lh-title mb0""><div class=""mr1 mr2-xl b black lh-solid f5 f4-l"" aria-hidden=""true""><span class=""f3""></span><span class=""f6 f5-l"" style=""vertical-align: 0.65ex; margin-right: 2px;"">$</span><span class=""f2"">2</span><span class=""f6 f5-l"" style=""vertical-align: 0.75ex;"">08</span></div><span class=""w_iUH7"">current price $2.08</span><div class=""gray mr1 f6 f5-l flex items-end mt1"">$4.16/oz</div></div><div class=""f7 f6-l black mb2"">Options from $2.08 – $15.01</div><span class=""w_V_DM"" style=""-webkit-line-clamp: 3; padding-bottom: 0.100071em; margin-bottom: -0.100071em;""><span data-automation-id=""product-title"" class=""normal dark-gray mb0 mt1 lh-title f6 f5-l lh-copy"">SmartyKat Catnip with Silvervine, Pure &amp; Potent Blend for Cats, Resealable Pouch, 0.5 oz</span></span><div class=""flex items-center mt2""><span class=""black inline-flex mr1"" data-testid=""product-ratings"" data-value=""4.6""><i class=""ld ld-StarFill"" aria-hidden=""true"" style=""font-size: 12px; vertical-align: -0.175em; width: 12px; height: 12px; box-sizing: content-box;""></i><i class=""ld ld-StarFill"" aria-hidden=""true"" style=""font-size: 12px; vertical-align: -0.175em; width: 12px; height: 12px; box-sizing: content-box;""></i><i class=""ld ld-StarFill"" aria-hidden=""true"" style=""font-size: 12px; vertical-align: -0.175em; width: 12px; height: 12px; box-sizing: content-box;""></i><i class=""ld ld-StarFill"" aria-hidden=""true"" style=""font-size: 12px; vertical-align: -0.175em; width: 12px; height: 12px; box-sizing: content-box;""></i><i class=""ld ld-StarHalf"" aria-hidden=""true"" style=""font-size: 12px; vertical-align: -0.175em; width: 12px; height: 12px; box-sizing: content-box;""></i></span><span class=""sans-serif gray f7"" aria-hidden=""true"" data-testid=""product-reviews"" data-value=""1188"">1188</span><span class=""w_iUH7"">4.6 out of 5 Stars. 1188 reviews</span></div><div></div><div class=""flex items-center mt2 mb1""><div class=""f7 mr1 blue b lh-copy"">Save with</div><img loading=""lazy"" class=""flex"" src=""//i5.walmartimages.com/dfw/63fd9f59-ac39/29c6759d-7f14-49fa-bd3a-b870eb4fb8fb/v1/wplus-icon-blue.svg"" alt=""Walmart Plus"" height=""20"" width=""auto""></div><div class=""mt2"" data-automation-id=""fulfillment-badge""><div class=""f7 flex self-baseline dark-gray""><div>Pickup <span class=""b"">today</span></div></div><div class=""f7 flex self-baseline dark-gray""><div>Delivery <span class=""b"">today</span></div></div><div class=""f7 flex self-baseline dark-gray""><div>Shipping, arrives <span class=""b"">tomorrow</span></div></div></div></div></div></div></div>"
"1739921083-36","https://www.walmart.com/browse/pets/cat-treats/5440_202073_6005312","<div role=""group"" data-item-id=""70M410HO8JNM"" class=""sans-serif mid-gray relative flex flex-column w-100 hide-child-opacity""><a link-identifier=""1722177818"" class=""w-100 h-100 z-1 hide-sibling-opacity  absolute"" target="""" href=""/ip/Hartz-Delectables-Gravy-Lickable-Wet-Cat-Treats-Tuna-Whitefish-1-4-oz-Single/1722177818?classType=VARIANT""><span class=""w_iUH7"">Hartz Delectables Gravy Lickable Wet Cat Treats, Tuna &amp; Whitefish, 1.4 oz, Single </span></a><div class="""" data-testid=""list-view""><div class=""""><div class=""""><div class=""relative""><div class=""relative overflow-hidden"" style=""max-width: 290px; height: 0px; padding-bottom: min(290px, 100%); align-self: center; width: min(290px, 100%);""><span><button type=""button"" class=""bg-white pointer pa0 black bn mt1 mr1 pa1 br4 absolute top-0 right-0 z-2"" data-automation-id=""heart-item"" aria-label=""Sign in to add to Favorites list, Hartz Delectables Gravy Lickable Wet Cat Treats, Tuna &amp; Whitefish, 1.4 oz, Single"" style=""width: 32px; height: 32px;""><i class=""ld ld-Heart  "" aria-hidden=""true"" style=""font-size: 1.5rem; vertical-align: -0.25em; padding-top: 1px; width: 1.5rem; height: 1.5rem; box-sizing: content-box;""></i></button></span><img loading=""lazy"" srcset=""https://i5.walmartimages.com/seo/Hartz-Delectables-Gravy-Lickable-Wet-Cat-Treats-Tuna-Whitefish-1-4-oz-Single_e517bf8a-1cb9-4831-8fc7-e6d99df0269a.121f8e0b0c7b5f26288d27844d2d7b97.jpeg?odnHeight=290&amp;odnWidth=290&amp;odnBg=FFFFFF 1x, https://i5.walmartimages.com/seo/Hartz-Delectables-Gravy-Lickable-Wet-Cat-Treats-Tuna-Whitefish-1-4-oz-Single_e517bf8a-1cb9-4831-8fc7-e6d99df0269a.121f8e0b0c7b5f26288d27844d2d7b97.jpeg?odnHeight=580&amp;odnWidth=580&amp;odnBg=FFFFFF 2x"" src=""https://i5.walmartimages.com/seo/Hartz-Delectables-Gravy-Lickable-Wet-Cat-Treats-Tuna-Whitefish-1-4-oz-Single_e517bf8a-1cb9-4831-8fc7-e6d99df0269a.121f8e0b0c7b5f26288d27844d2d7b97.jpeg?odnHeight=580&amp;odnWidth=580&amp;odnBg=FFFFFF"" id=""is-0-productImage-40"" width="""" height="""" class=""absolute top-0 left-0"" data-testid=""productTileImage"" alt=""Hartz Delectables Gravy Lickable Wet Cat Treats, Tuna &amp; Whitefish, 1.4 oz, Single""></div><div class=""z-2 relative mt3""><div class=""relative dib flex-row-reverse"" data-id=""70M410HO8JNM""><a class=""w_hhLG w_8nsR w_jDfj pointer bn sans-serif b ph2 flex items-center justify-center w-auto shadow-1"" href=""/ip/Hartz-Delectables-Gravy-Lickable-Wet-Cat-Treats-Tuna-Whitefish-1-4-oz-Single/1722177818?classType=VARIANT"" data-pcss-hide=""true"" aria-label=""Options - Hartz Delectables Gravy Lickable Wet Cat Treats, Tuna &amp; Whitefish, 1.4 oz, Single""><span class=""mh2"">Options</span></a></div></div></div><div class=""mt3 mb1"" data-testid=""variant-70M410HO8JNM"" style=""height: 24px;""><div class=""f7 lh-solid tc h1 v-mid""><div aria-hidden=""true"" aria-labelledby=""variants-dynamic-70M410HO8JNM"">+5 options</div><span class=""w_iUH7"" id=""variants-dynamic-70M410HO8JNM"">Available in additional 5 options</span></div></div></div><div class=""""><div data-automation-id=""product-price"" class=""flex flex-wrap justify-start items-center lh-title mb0""><div class=""mr1 mr2-xl b black lh-solid f5 f4-l"" aria-hidden=""true""><span class=""f3""></span><span class=""f6 f5-l"" style=""vertical-align: 0.65ex; margin-right: 2px;"">$</span><span class=""f2"">1</span><span class=""f6 f5-l"" style=""vertical-align: 0.75ex;"">12</span></div><span class=""w_iUH7"">current price $1.12</span><div class=""gray mr1 f6 f5-l flex items-end mt1"">80.0 ¢/oz</div></div><div class=""f7 f6-l black mb2"">Options from $1.12 – $5.78</div><span class=""w_V_DM"" style=""-webkit-line-clamp: 3; padding-bottom: 0.100071em; margin-bottom: -0.100071em;""><span data-automation-id=""product-title"" class=""normal dark-gray mb0 mt1 lh-title f6 f5-l lh-copy"">Hartz Delectables Gravy Lickable Wet Cat Treats, Tuna &amp; Whitefish, 1.4 oz, Single</span></span><div class=""flex items-center mt2""><span class=""black inline-flex mr1"" data-testid=""product-ratings"" data-value=""4.5""><i class=""ld ld-StarFill"" aria-hidden=""true"" style=""font-size: 12px; vertical-align: -0.175em; width: 12px; height: 12px; box-sizing: content-box;""></i><i class=""ld ld-StarFill"" aria-hidden=""true"" style=""font-size: 12px; vertical-align: -0.175em; width: 12px; height: 12px; box-sizing: content-box;""></i><i class=""ld ld-StarFill"" aria-hidden=""true"" style=""font-size: 12px; vertical-align: -0.175em; width: 12px; height: 12px; box-sizing: content-box;""></i><i class=""ld ld-StarFill"" aria-hidden=""true"" style=""font-size: 12px; vertical-align: -0.175em; width: 12px; height: 12px; box-sizing: content-box;""></i><i class=""ld ld-StarHalf"" aria-hidden=""true"" style=""font-size: 12px; vertical-align: -0.175em; width: 12px; height: 12px; box-sizing: content-box;""></i></span><span class=""sans-serif gray f7"" aria-hidden=""true"" data-testid=""product-reviews"" data-value=""41"">41</span><span class=""w_iUH7"">4.5 out of 5 Stars. 41 reviews</span></div><div></div><div class=""flex items-center mt2 mb1""><div class=""f7 mr1 blue b lh-copy"">Save with</div><img loading=""lazy"" class=""flex"" src=""//i5.walmartimages.com/dfw/63fd9f59-ac39/29c6759d-7f14-49fa-bd3a-b870eb4fb8fb/v1/wplus-icon-blue.svg"" alt=""Walmart Plus"" height=""20"" width=""auto""></div><div class=""mt2"" data-automation-id=""fulfillment-badge""><div class=""f7 flex self-baseline dark-gray""><div>Shipping, arrives <span class=""b"">tomorrow</span></div></div></div></div></div></div></div>"
"1739921083-37","https://www.walmart.com/browse/pets/cat-treats/5440_202073_6005312","<div role=""group"" data-item-id=""10PXPWLID3AU"" class=""sans-serif mid-gray relative flex flex-column w-100 hide-child-opacity""><a link-identifier=""10321409"" class=""w-100 h-100 z-1 hide-sibling-opacity  absolute"" target="""" href=""/ip/Temptations-Seafood-Medley-Flavour-Treats-For-Cats-3-Oz-Cats-Cats/10321409?classType=REGULAR""><span class=""w_iUH7"">TEMPTATIONS Classic Treats for Adult Cats Seafood Medley Flavor, Dry, 3 Oz Shelf Stable Plastic Packet </span></a><div class="""" data-testid=""list-view""><div class=""""><div class=""""><div class=""relative""><div class=""relative overflow-hidden"" style=""max-width: 290px; height: 0px; padding-bottom: min(290px, 100%); align-self: center; width: min(290px, 100%);""><span><button type=""button"" class=""bg-white pointer pa0 black bn mt1 mr1 pa1 br4 absolute top-0 right-0 z-2"" data-automation-id=""heart-item"" aria-label=""Sign in to add to Favorites list, TEMPTATIONS Classic Treats for Adult Cats Seafood Medley Flavor, Dry, 3 Oz Shelf Stable Plastic Packet"" style=""width: 32px; height: 32px;""><i class=""ld ld-Heart  "" aria-hidden=""true"" style=""font-size: 1.5rem; vertical-align: -0.25em; padding-top: 1px; width: 1.5rem; height: 1.5rem; box-sizing: content-box;""></i></button></span><img loading=""lazy"" srcset=""https://i5.walmartimages.com/seo/Temptations-Seafood-Medley-Flavour-Treats-For-Cats-3-Oz-Cats-Cats_8e392dc1-e4d9-407e-99da-b6ef96945d58.217c9299afd240b91c5a5088891bae92.jpeg?odnHeight=290&amp;odnWidth=290&amp;odnBg=FFFFFF 1x, https://i5.walmartimages.com/seo/Temptations-Seafood-Medley-Flavour-Treats-For-Cats-3-Oz-Cats-Cats_8e392dc1-e4d9-407e-99da-b6ef96945d58.217c9299afd240b91c5a5088891bae92.jpeg?odnHeight=580&amp;odnWidth=580&amp;odnBg=FFFFFF 2x"" src=""https://i5.walmartimages.com/seo/Temptations-Seafood-Medley-Flavour-Treats-For-Cats-3-Oz-Cats-Cats_8e392dc1-e4d9-407e-99da-b6ef96945d58.217c9299afd240b91c5a5088891bae92.jpeg?odnHeight=580&amp;odnWidth=580&amp;odnBg=FFFFFF"" id=""is-0-productImage-41"" width="""" height="""" class=""absolute top-0 left-0"" data-testid=""productTileImage"" alt=""TEMPTATIONS Classic Treats for Adult Cats Seafood Medley Flavor, Dry, 3 Oz Shelf Stable Plastic Packet""></div><div class=""z-2 relative mt3""><div class=""relative dib flex-row-reverse"" data-id=""10PXPWLID3AU""><button class=""w_hhLG w_8nsR w_jDfj pointer bn sans-serif b ph2 flex items-center justify-center w-auto shadow-1"" type=""button"" data-pcss-hide=""true"" data-automation-id=""add-to-cart"" aria-label=""Add to cart - TEMPTATIONS Classic Treats for Adult Cats Seafood Medley Flavor, Dry, 3 Oz Shelf Stable Plastic Packet""><i class=""ld ld-Plus"" title=""add to cart"" style=""font-size: 1.5rem; vertical-align: -0.25em; width: 1.5rem; height: 1.5rem; box-sizing: content-box;""></i><span class=""mr2"">Add</span></button></div></div></div><div class=""nt2"" data-testid=""variant-10PXPWLID3AU"" style=""height: 24px;""></div></div><div class=""""><div data-automation-id=""product-price"" class=""flex flex-wrap justify-start items-center lh-title mb1""><div class=""mr1 mr2-xl b black green lh-solid f5 f4-l"" aria-hidden=""true""><span class=""f3 mr1"">Now</span><span class=""f6 f5-l"" style=""vertical-align: 0.65ex; margin-right: 2px;"">$</span><span class=""f2"">2</span><span class=""f6 f5-l"" style=""vertical-align: 0.75ex;"">58</span></div><span class=""w_iUH7"">current price Now $2.58</span><div class=""gray mr1 strike f6 f4-l flex items-end mt1"" aria-hidden=""true"">$7.47</div><span class=""w_iUH7"">Was $7.47</span><div class=""gray mr1 f6 f5-l flex items-end mt1"">86.0 ¢/oz</div></div><span class=""w_V_DM"" style=""-webkit-line-clamp: 3; padding-bottom: 0.100071em; margin-bottom: -0.100071em;""><span data-automation-id=""product-title"" class=""normal dark-gray mb0 mt1 lh-title f6 f5-l lh-copy"">TEMPTATIONS Classic Treats for Adult Cats Seafood Medley Flavor, Dry, 3 Oz Shelf Stable Plastic Packet</span></span><div class=""flex items-center mt2""><span class=""black inline-flex mr1"" data-testid=""product-ratings"" data-value=""4.8""><i class=""ld ld-StarFill"" aria-hidden=""true"" style=""font-size: 12px; vertical-align: -0.175em; width: 12px; height: 12px; box-sizing: content-box;""></i><i class=""ld ld-StarFill"" aria-hidden=""true"" style=""font-size: 12px; vertical-align: -0.175em; width: 12px; height: 12px; box-sizing: content-box;""></i><i class=""ld ld-StarFill"" aria-hidden=""true"" style=""font-size: 12px; vertical-align: -0.175em; width: 12px; height: 12px; box-sizing: content-box;""></i><i class=""ld ld-StarFill"" aria-hidden=""true"" style=""font-size: 12px; vertical-align: -0.175em; width: 12px; height: 12px; box-sizing: content-box;""></i><i class=""ld ld-StarFill"" aria-hidden=""true"" style=""font-size: 12px; vertical-align: -0.175em; width: 12px; height: 12px; box-sizing: content-box;""></i></span><span class=""sans-serif gray f7"" aria-hidden=""true"" data-testid=""product-reviews"" data-value=""1149"">1149</span><span class=""w_iUH7"">4.8 out of 5 Stars. 1149 reviews</span></div><div></div><div class=""flex items-center mt2 mb1""><div class=""f7 mr1 blue b lh-copy"">Save with</div><img loading=""lazy"" class=""flex"" src=""//i5.walmartimages.com/dfw/63fd9f59-ac39/29c6759d-7f14-49fa-bd3a-b870eb4fb8fb/v1/wplus-icon-blue.svg"" alt=""Walmart Plus"" height=""20"" width=""auto""></div><div class=""mt2"" data-automation-id=""fulfillment-badge""><div class=""f7 flex self-baseline dark-gray""><div>Pickup <span class=""b"">today</span></div></div><div class=""f7 flex self-baseline dark-gray""><div>Delivery <span class=""b"">today</span></div></div></div></div></div></div></div>"
"1739921083-38","https://www.walmart.com/browse/pets/cat-treats/5440_202073_6005312","<div role=""group"" data-item-id=""2J2JAW44FOJR"" class=""sans-serif mid-gray relative flex flex-column w-100 hide-child-opacity""><a link-identifier=""2323382287"" class=""w-100 h-100 z-1 hide-sibling-opacity  absolute"" target="""" href=""/ip/Inaba-Churu-Creamy-Lickable-Wet-Cat-Treats-0-5-oz-20-Tubes-Tuna-Variety/2323382287?classType=VARIANT""><span class=""w_iUH7"">Inaba Churu Creamy, Lickable Wet Cat Treats, 0.5 oz, 20 Tubes, Tuna Variety </span></a><div class="""" data-testid=""list-view""><div class=""""><div class=""""><div class=""relative""><div class=""relative overflow-hidden"" style=""max-width: 290px; height: 0px; padding-bottom: min(290px, 100%); align-self: center; width: min(290px, 100%);""><span><button type=""button"" class=""bg-white pointer pa0 black bn mt1 mr1 pa1 br4 absolute top-0 right-0 z-2"" data-automation-id=""heart-item"" aria-label=""Sign in to add to Favorites list, Inaba Churu Creamy, Lickable Wet Cat Treats, 0.5 oz, 20 Tubes, Tuna Variety"" style=""width: 32px; height: 32px;""><i class=""ld ld-Heart  "" aria-hidden=""true"" style=""font-size: 1.5rem; vertical-align: -0.25em; padding-top: 1px; width: 1.5rem; height: 1.5rem; box-sizing: content-box;""></i></button></span><img loading=""lazy"" srcset=""https://i5.walmartimages.com/seo/Inaba-Churu-Creamy-Lickable-Wet-Cat-Treats-0-5-oz-20-Tubes-Tuna-Variety_fa310dc0-639c-4277-9c5e-f1b3812f0d5f.67dea5e1ae952325055bd36cd04d92de.jpeg?odnHeight=290&amp;odnWidth=290&amp;odnBg=FFFFFF 1x, https://i5.walmartimages.com/seo/Inaba-Churu-Creamy-Lickable-Wet-Cat-Treats-0-5-oz-20-Tubes-Tuna-Variety_fa310dc0-639c-4277-9c5e-f1b3812f0d5f.67dea5e1ae952325055bd36cd04d92de.jpeg?odnHeight=580&amp;odnWidth=580&amp;odnBg=FFFFFF 2x"" src=""https://i5.walmartimages.com/seo/Inaba-Churu-Creamy-Lickable-Wet-Cat-Treats-0-5-oz-20-Tubes-Tuna-Variety_fa310dc0-639c-4277-9c5e-f1b3812f0d5f.67dea5e1ae952325055bd36cd04d92de.jpeg?odnHeight=580&amp;odnWidth=580&amp;odnBg=FFFFFF"" id=""is-0-productImage-42"" width="""" height="""" class=""absolute top-0 left-0"" data-testid=""productTileImage"" alt=""Inaba Churu Creamy, Lickable Wet Cat Treats, 0.5 oz, 20 Tubes, Tuna Variety""></div><div class=""z-2 relative mt3""><div class=""relative dib flex-row-reverse"" data-id=""2J2JAW44FOJR""><a class=""w_hhLG w_8nsR w_jDfj pointer bn sans-serif b ph2 flex items-center justify-center w-auto shadow-1"" href=""/ip/Inaba-Churu-Creamy-Lickable-Wet-Cat-Treats-0-5-oz-20-Tubes-Tuna-Variety/2323382287?classType=VARIANT"" data-pcss-hide=""true"" aria-label=""Options - Inaba Churu Creamy, Lickable Wet Cat Treats, 0.5 oz, 20 Tubes, Tuna Variety""><span class=""mh2"">Options</span></a></div></div></div><div class=""mt3 mb1"" data-testid=""variant-2J2JAW44FOJR"" style=""height: 24px;""><div class=""f7 lh-solid tc h1 v-mid""><div aria-hidden=""true"" aria-labelledby=""variants-dynamic-2J2JAW44FOJR"">+2 options</div><span class=""w_iUH7"" id=""variants-dynamic-2J2JAW44FOJR"">Available in additional 2 options</span></div></div></div><div class=""""><div data-automation-id=""product-price"" class=""flex flex-wrap justify-start items-center lh-title mb0""><div class=""mr1 mr2-xl b black lh-solid f5 f4-l"" aria-hidden=""true""><span class=""f3""></span><span class=""f6 f5-l"" style=""vertical-align: 0.65ex; margin-right: 2px;"">$</span><span class=""f2"">10</span><span class=""f6 f5-l"" style=""vertical-align: 0.75ex;"">98</span></div><span class=""w_iUH7"">current price $10.98</span><div class=""gray mr1 f6 f5-l flex items-end mt1"">$1.10/oz</div></div><div class=""f7 f6-l black mb2"">Options from $10.98 – $29.99</div><span class=""w_V_DM"" style=""-webkit-line-clamp: 3; padding-bottom: 0.100071em; margin-bottom: -0.100071em;""><span data-automation-id=""product-title"" class=""normal dark-gray mb0 mt1 lh-title f6 f5-l lh-copy"">Inaba Churu Creamy, Lickable Wet Cat Treats, 0.5 oz, 20 Tubes, Tuna Variety</span></span><div class=""flex items-center mt2""><span class=""black inline-flex mr1"" data-testid=""product-ratings"" data-value=""4.8""><i class=""ld ld-StarFill"" aria-hidden=""true"" style=""font-size: 12px; vertical-align: -0.175em; width: 12px; height: 12px; box-sizing: content-box;""></i><i class=""ld ld-StarFill"" aria-hidden=""true"" style=""font-size: 12px; vertical-align: -0.175em; width: 12px; height: 12px; box-sizing: content-box;""></i><i class=""ld ld-StarFill"" aria-hidden=""true"" style=""font-size: 12px; vertical-align: -0.175em; width: 12px; height: 12px; box-sizing: content-box;""></i><i class=""ld ld-StarFill"" aria-hidden=""true"" style=""font-size: 12px; vertical-align: -0.175em; width: 12px; height: 12px; box-sizing: content-box;""></i><i class=""ld ld-StarFill"" aria-hidden=""true"" style=""font-size: 12px; vertical-align: -0.175em; width: 12px; height: 12px; box-sizing: content-box;""></i></span><span class=""sans-serif gray f7"" aria-hidden=""true"" data-testid=""product-reviews"" data-value=""395"">395</span><span class=""w_iUH7"">4.8 out of 5 Stars. 395 reviews</span></div><div></div><div class=""flex items-center mt2 mb1""><div class=""f7 mr1 blue b lh-copy"">Save with</div><img loading=""lazy"" class=""flex"" src=""//i5.walmartimages.com/dfw/63fd9f59-ac39/29c6759d-7f14-49fa-bd3a-b870eb4fb8fb/v1/wplus-icon-blue.svg"" alt=""Walmart Plus"" height=""20"" width=""auto""></div><div class=""mt2"" data-automation-id=""fulfillment-badge""><div class=""f7 flex self-baseline dark-gray""><div>Shipping, arrives <span class=""b"">tomorrow</span></div></div></div></div></div></div></div>"
"1739921083-39","https://www.walmart.com/browse/pets/cat-treats/5440_202073_6005312","<div role=""group"" data-item-id=""2SAOCW1X8CJC"" class=""sans-serif mid-gray relative flex flex-column w-100 hide-child-opacity""><a link-identifier=""185746089"" class=""w-100 h-100 z-1 hide-sibling-opacity  absolute"" target="""" href=""/ip/Whiskas-Temptations-Shrimp-3oz/185746089?classType=REGULAR""><span class=""w_iUH7"">Temptations Classic Crunchy and Soft Cat Treats Shrimpy Shrimp Flavor, 3 oz. Pouch </span></a><div class="""" data-testid=""list-view""><div class=""""><div class=""""><div class=""relative""><div class=""relative overflow-hidden"" style=""max-width: 290px; height: 0px; padding-bottom: min(290px, 100%); align-self: center; width: min(290px, 100%);""><span><button type=""button"" class=""bg-white pointer pa0 black bn mt1 mr1 pa1 br4 absolute top-0 right-0 z-2"" data-automation-id=""heart-item"" aria-label=""Sign in to add to Favorites list, Temptations Classic Crunchy and Soft Cat Treats Shrimpy Shrimp Flavor, 3 oz. Pouch"" style=""width: 32px; height: 32px;""><i class=""ld ld-Heart  "" aria-hidden=""true"" style=""font-size: 1.5rem; vertical-align: -0.25em; padding-top: 1px; width: 1.5rem; height: 1.5rem; box-sizing: content-box;""></i></button></span><img loading=""lazy"" srcset=""https://i5.walmartimages.com/seo/Whiskas-Temptations-Shrimp-3oz_7b20b452-4c3a-41bd-8577-f8fc844a5976.8742293b03fa30ffd1204d557106dde2.jpeg?odnHeight=290&amp;odnWidth=290&amp;odnBg=FFFFFF 1x, https://i5.walmartimages.com/seo/Whiskas-Temptations-Shrimp-3oz_7b20b452-4c3a-41bd-8577-f8fc844a5976.8742293b03fa30ffd1204d557106dde2.jpeg?odnHeight=580&amp;odnWidth=580&amp;odnBg=FFFFFF 2x"" src=""https://i5.walmartimages.com/seo/Whiskas-Temptations-Shrimp-3oz_7b20b452-4c3a-41bd-8577-f8fc844a5976.8742293b03fa30ffd1204d557106dde2.jpeg?odnHeight=580&amp;odnWidth=580&amp;odnBg=FFFFFF"" id=""is-0-productImage-43"" width="""" height="""" class=""absolute top-0 left-0"" data-testid=""productTileImage"" alt=""Temptations Classic Crunchy and Soft Cat Treats Shrimpy Shrimp Flavor, 3 oz. Pouch""></div><div class=""z-2 relative mt3""><div class=""relative dib flex-row-reverse"" data-id=""2SAOCW1X8CJC""><button class=""w_hhLG w_8nsR w_jDfj pointer bn sans-serif b ph2 flex items-center justify-center w-auto shadow-1"" type=""button"" data-pcss-hide=""true"" data-automation-id=""add-to-cart"" aria-label=""Add to cart - Temptations Classic Crunchy and Soft Cat Treats Shrimpy Shrimp Flavor, 3 oz. Pouch""><i class=""ld ld-Plus"" title=""add to cart"" style=""font-size: 1.5rem; vertical-align: -0.25em; width: 1.5rem; height: 1.5rem; box-sizing: content-box;""></i><span class=""mr2"">Add</span></button></div></div></div><div class=""nt2"" data-testid=""variant-2SAOCW1X8CJC"" style=""height: 24px;""></div></div><div class=""""><div data-automation-id=""product-price"" class=""flex flex-wrap justify-start items-center lh-title mb1""><div class=""mr1 mr2-xl b black lh-solid f5 f4-l"" aria-hidden=""true""><span class=""f3""></span><span class=""f6 f5-l"" style=""vertical-align: 0.65ex; margin-right: 2px;"">$</span><span class=""f2"">6</span><span class=""f6 f5-l"" style=""vertical-align: 0.75ex;"">66</span></div><span class=""w_iUH7"">current price $6.66</span><div class=""gray mr1 f6 f5-l flex items-end mt1"">$2.22/oz</div></div><span class=""w_V_DM"" style=""-webkit-line-clamp: 3; padding-bottom: 0.100071em; margin-bottom: -0.100071em;""><span data-automation-id=""product-title"" class=""normal dark-gray mb0 mt1 lh-title f6 f5-l lh-copy"">Temptations Classic Crunchy and Soft Cat Treats Shrimpy Shrimp Flavor, 3 oz. Pouch</span></span><div class=""flex items-center mt2""><span class=""black inline-flex mr1"" data-testid=""product-ratings"" data-value=""4.8""><i class=""ld ld-StarFill"" aria-hidden=""true"" style=""font-size: 12px; vertical-align: -0.175em; width: 12px; height: 12px; box-sizing: content-box;""></i><i class=""ld ld-StarFill"" aria-hidden=""true"" style=""font-size: 12px; vertical-align: -0.175em; width: 12px; height: 12px; box-sizing: content-box;""></i><i class=""ld ld-StarFill"" aria-hidden=""true"" style=""font-size: 12px; vertical-align: -0.175em; width: 12px; height: 12px; box-sizing: content-box;""></i><i class=""ld ld-StarFill"" aria-hidden=""true"" style=""font-size: 12px; vertical-align: -0.175em; width: 12px; height: 12px; box-sizing: content-box;""></i><i class=""ld ld-StarFill"" aria-hidden=""true"" style=""font-size: 12px; vertical-align: -0.175em; width: 12px; height: 12px; box-sizing: content-box;""></i></span><span class=""sans-serif gray f7"" aria-hidden=""true"" data-testid=""product-reviews"" data-value=""1758"">1758</span><span class=""w_iUH7"">4.8 out of 5 Stars. 1758 reviews</span></div><div></div><div class=""flex items-center mt2 mb1""><div class=""f7 mr1 blue b lh-copy"">Save with</div><img loading=""lazy"" class=""flex"" src=""//i5.walmartimages.com/dfw/63fd9f59-ac39/29c6759d-7f14-49fa-bd3a-b870eb4fb8fb/v1/wplus-icon-blue.svg"" alt=""Walmart Plus"" height=""20"" width=""auto""></div><div class=""mt2"" data-automation-id=""fulfillment-badge""><div class=""f7 flex self-baseline dark-gray""><div>Shipping, arrives <span class=""b"">tomorrow</span></div></div></div></div></div></div></div>"
