[
  {
    "ioId": "1YB3CRKP7KZO",
    "linkIdentifier": "166606227",
    "text": "Temptations Birthday Lobster and Beef Flavor Crunchy Soft Treats for Cats, 6.3 oz Pouch (10 Pack)",
    "href": "/ip/Temptations-Birthday-Lobster-And-Beef-Flavor-Crunchy-Soft-Treats-For-Cats-6-3-Oz-Pouch-10-Pack/166606227?classType=VARIANT&athbdg=L1103",
    "currentPrice": "current price $3.98",
    "pricePerOz": "63.2 ¢/oz",
    "pickup": "Pickup today",
    "delivery": "Delivery today",
    "shipping": "Shipping, arrives tomorrow"
  },
  {
    "ioId": "1VQE25R9440X",
    "linkIdentifier": "175331571",
    "text": "Hartz Delectables Squeeze Up Lickable Wet Cat Treats, Chicken, 2oz, 4 Pack",
    "href": "/ip/Hartz-Delectable-Squeeze-Up-Chicken-4-Count-Cats/175331571?classType=REGULAR&athbdg=L1102",
    "currentPrice": "current price $2.57",
    "pricePerOz": "$1.29/oz",
    "pickup": "Pickup today",
    "delivery": "Delivery today",
    "shipping": "Shipping, arrives tomorrow"
  },
  {
    "ioId": "4WQJ6ZRK6O7D",
    "linkIdentifier": "2212146614",
    "text": "Inaba Churu Creamy, Lickable Wet Cat Treats, 0.5 oz, 40 Tubes, Chicken Variety",
    "href": "/ip/Inaba-Churu-Creamy-Lickable-Wet-Cat-Treats-0-5-oz-40-Tubes-Chicken-Variety/2212146614?classType=REGULAR&athbdg=L1600",
    "currentPrice": "current price $19.98",
    "pricePerOz": "99.9 ¢/oz",
    "pickup": "Shipping, arrives tomorrow",
    "delivery": "N/A",
    "shipping": "N/A"
  },
  {
    "ioId": "1H63TAAI1LAQ",
    "linkIdentifier": "119589902",
    "text": "Sheba Meaty Tender Sticks Salmon Flavor Dry Cat Treats, 0.7 oz (5 Treats)",
    "href": "/ip/Sheba-Meaty-Tender-Stick-Salmon-Flavor-Stick-Treats-for-Cats-0-14-oz-Pouch-5-Pack/119589902?classType=VARIANT",
    "currentPrice": "current price $2.12",
    "pricePerOz": "$3.03/oz",
    "pickup": "Pickup today",
    "delivery": "Delivery today",
    "shipping": "Shipping, arrives tomorrow"
  },
  {
    "ioId": "3CVXEDTMB2T5",
    "linkIdentifier": "38026137",
    "text": "Temptations Mixups Catnip Fever Flavor Crunchy And Soft Dry Cat Treats, 6.3 Oz Pouch",
    "href": "/ip/Temptations-Mixups-Catnip-Fever-Flavor-Crunchy-And-Soft-Dry-Cat-Treats-6-3-Oz-Pouch/38026137?classType=VARIANT",
    "currentPrice": "current price Now $3.98",
    "pricePerOz": "$28.00",
    "pickup": "Pickup today",
    "delivery": "Delivery today",
    "shipping": "Shipping, arrives tomorrow"
  },
  {
    "ioId": "6EKW24CQ087A",
    "linkIdentifier": "369117877",
    "text": "Delectables Lickable Cat Treats Bisque Variety Pack, 12 Count (16.8 oz.)",
    "href": "/ip/Delectables-Lickable-Cat-Treat-Bisque-Variety-Pack-12-Count/369117877?classType=VARIANT",
    "currentPrice": "current price $13.58",
    "pricePerOz": "80.8 ¢/oz",
    "pickup": "Pickup today",
    "delivery": "Delivery today",
    "shipping": "Shipping, arrives tomorrow"
  },
  {
    "ioId": "2JL2HOTKW4WC",
    "linkIdentifier": "1504567566",
    "text": "Hartz Delectables Squeeze Up Interactive Lickable Wet Cat Treats Tuna & Salmon, 0.5oz Tube (4 Count)",
    "href": "/ip/Hartz-Delectables-Squeeze-Up-Interactive-Lickable-Wet-Cat-Treat-Tuna-Salmon-0-5oz-Tube-4-Count/1504567566?classType=VARIANT",
    "currentPrice": "current price $2.57",
    "pricePerOz": "N/A",
    "pickup": "Pickup today",
    "delivery": "Delivery today",
    "shipping": "N/A"
  },
  {
    "ioId": "3O2LFR54SJGK",
    "linkIdentifier": "35785428",
    "text": "Temptations Classic Tasty Chicken Flavor Crunchy And Soft Treats For Cats, 16 Oz Tub",
    "href": "/ip/Whiskas-Temptations-16-Ounce-Chicken-Value-Pak/35785428?classType=VARIANT",
    "currentPrice": "current price $8.48",
    "pricePerOz": "53.0 ¢/oz",
    "pickup": "Pickup today",
    "delivery": "Delivery today",
    "shipping": "Shipping, arrives tomorrow"
  },
  {
    "ioId": "3N94N1GJIPJQ",
    "linkIdentifier": "432285959",
    "text": "Blue Buffalo Bursts Chicken Flavor Crunchy Treats for Cats, Whole Grain, 5 oz. Bag",
    "href": "/ip/Blue-Buffalo-Bursts-Chicken-Flavor-Crunchy-Treats-for-Cats-Whole-Grain-5-oz-Bag/432285959?classType=VARIANT",
    "currentPrice": "current price $5.30",
    "pricePerOz": "$1.06/oz",
    "pickup": "Free shipping, arrives in 3+ days",
    "delivery": "N/A",
    "shipping": "N/A"
  },
  {
    "ioId": "2KO3GPUJ57HD",
    "linkIdentifier": "1445219154",
    "text": "Hartz Delectables Squeeze up Lickable Wet Cat Treat Flavor Variety Pack, 0.5oz Tube (54 Count)",
    "href": "/ip/Hartz-Delectables-Squeeze-up-Lickable-Wet-Cat-Treat-Flavor-Variety-Pack-0-5oz-Tube-54-Count/1445219154?classType=VARIANT",
    "currentPrice": "current price $30.87",
    "pricePerOz": "$1.14/oz",
    "pickup": "Shipping, arrives tomorrow",
    "delivery": "N/A",
    "shipping": "N/A"
  },
  {
    "ioId": "1AHJ854L2OOO",
    "linkIdentifier": "16627385",
    "text": "Temptations Classic Blissful Catnip Flavor Crunchy and Soft Dry Treats for Cats, 3 oz Pouch",
    "href": "/ip/Whiskas-Temptations-Blissful-Catnip-Flavor-Cat-Care-Treats-3-oz/16627385?classType=VARIANT&athbdg=L1103",
    "currentPrice": "current price $2.58",
    "pricePerOz": "86.0 ¢/oz",
    "pickup": "Pickup today",
    "delivery": "Delivery today",
    "shipping": "Shipping, arrives tomorrow"
  },
  {
    "ioId": "3VTNY2YZVGYC",
    "linkIdentifier": "16662940",
    "text": "Temptations Classic Creamy Dairy Flavor Crunchy and Soft Dry Cat Treats, 6.3 oz Pouch",
    "href": "/ip/Temptations-Classic-Creamy-Dairy-Flavor-Crunchy-And-Soft-Dry-Cat-Treats-6-3-Oz-Pouch/16662940?classType=REGULAR&athbdg=L1102",
    "currentPrice": "current price Now $3.98",
    "pricePerOz": "$14.00",
    "pickup": "Pickup today",
    "delivery": "Delivery today",
    "shipping": "Shipping, arrives tomorrow"
  },
  {
    "ioId": "4PHFRXDVLMEF",
    "linkIdentifier": "39932137",
    "text": "Temptations Mixups Crunchy and Soft Cat Treats Surfers' Delight Flavor, 16 oz. Tub",
    "href": "/ip/Temptations-MixUps-Surfer-s-Delight-Tuna-Shrimp-Salmon-Flavors-Treats-for-Cats-16-oz/39932137?classType=VARIANT&athbdg=L1200",
    "currentPrice": "current price $8.48",
    "pricePerOz": "53.0 ¢/oz",
    "pickup": "Pickup today",
    "delivery": "Delivery today",
    "shipping": "Shipping, arrives tomorrow"
  },
  {
    "ioId": "337EK2WTLUHD",
    "linkIdentifier": "531460671",
    "text": "Purina Friskies Grain Free Lickable Cat Food Toppers Lil’ Soups with Sockeye Salmon in Chicken Broth, 1.2 oz Cup",
    "href": "/ip/Purina-Friskies-Lil-Soups-Lickable-Cat-Treats-Soft-Salmon-Chicken-Broth-Snacks-1-2-oz-Cups/531460671?classType=VARIANT",
    "currentPrice": "current price $1.34",
    "pricePerOz": "$1.12/oz",
    "pickup": "Pickup today",
    "delivery": "Delivery today",
    "shipping": "N/A"
  },
  {
    "ioId": "4IZ3FMFNS5RL",
    "linkIdentifier": "3636352607",
    "text": "Hartz Delectables Gravy Lickable Wet Cat Treats Variety Pack, 12 Count",
    "href": "/ip/Hartz-Delectables-Gravy-Lickable-Wet-Cat-Treats-Variety-Pack-12-Count/3636352607?classType=REGULAR",
    "currentPrice": "current price $13.17",
    "pricePerOz": "78.4 ¢/oz",
    "pickup": "Shipping, arrives tomorrow",
    "delivery": "N/A",
    "shipping": "N/A"
  },
  {
    "ioId": "2ETG5IK2N2F7",
    "linkIdentifier": "184598520",
    "text": "Temptations Mixups Backyard Cookout Flavor Crunchy and Soft Dry Cat Treats, 30 oz Tub",
    "href": "/ip/Whiskas-Temptations-Super-Value-Backyard-30oz/184598520?classType=VARIANT",
    "currentPrice": "current price $15.48",
    "pricePerOz": "51.6 ¢/oz",
    "pickup": "Pickup today",
    "delivery": "Delivery today",
    "shipping": "Shipping, arrives tomorrow"
  },
  {
    "ioId": "7E50QWYJ9LER",
    "linkIdentifier": "507488075",
    "text": "Greenies Catnip Flavor Dental & Crunchy Treat For Cat, 2.1 Oz",
    "href": "/ip/Feline-Greenies-Crunchy-Dental-Treats-in-Catnip-Flavor-Cat-Treat-2-1-oz/507488075?classType=REGULAR",
    "currentPrice": "current price $3.28",
    "pricePerOz": "$1.56/oz",
    "pickup": "Pickup today",
    "delivery": "Delivery today",
    "shipping": "N/A"
  },
  {
    "ioId": "321RG0DPUPNL",
    "linkIdentifier": "54066531",
    "text": "Temptations Classic Seafood Medley Flavor Crunchy and Soft Dry Cat Treats, 30 oz Tub",
    "href": "/ip/Temptations-30-oz-Super-Value-Seafood-Medley/54066531?classType=VARIANT",
    "currentPrice": "current price $15.48",
    "pricePerOz": "51.6 ¢/oz",
    "pickup": "Pickup today",
    "delivery": "Delivery today",
    "shipping": "Shipping, arrives tomorrow"
  },
  {
    "ioId": "0ZO0ZL38IQDC",
    "linkIdentifier": "5550081486",
    "text": "(10 pack) Purina Friskies Party Mix Wild West Crunch Cat Treats, Beef, Liver, & Cheddar, 2.1 oz Bag",
    "href": "/ip/Purina-Friskies-Cat-Treats-Party-Mix-Wild-West-Crunch-2-1-oz-Pouch/5550081486?classType=VARIANT",
    "currentPrice": "current price $14.80",
    "pricePerOz": "70.5 ¢/oz",
    "pickup": "Pickup today",
    "delivery": "Delivery today",
    "shipping": "Shipping, arrives tomorrow"
  },
  {
    "ioId": "2M2RTSIUJQPF",
    "linkIdentifier": "243491876",
    "text": "DEL BSQ SR 10 12 PACK",
    "href": "/ip/Hartz-Delectables-Bisque-Senior-10-Lickable-Wet-Cat-Treats-Variety-Pack-12-Pack/243491876?classType=VARIANT",
    "currentPrice": "current price $13.58",
    "pricePerOz": "80.8 ¢/oz",
    "pickup": "Pickup today",
    "delivery": "Delivery today",
    "shipping": "Shipping, arrives tomorrow"
  },
  {
    "ioId": "2ZP6J7FUVKI1",
    "linkIdentifier": "2670285865",
    "text": "Hartz Delectables Squeeze up Non-Seafood Variety Pack Lickable Wet Cat Treats, 0.5oz Tube (54 Count)",
    "href": "/ip/Hartz-Delectables-Squeeze-up-Non-Seafood-Variety-Pack-Lickable-Wet-Cat-Treats-0-5oz-Tube-54-Count/2670285865?classType=VARIANT",
    "currentPrice": "current price $24.58",
    "pricePerOz": "91.0 ¢/oz",
    "pickup": "Shipping, arrives tomorrow",
    "delivery": "N/A",
    "shipping": "N/A"
  },
  {
    "ioId": "41MMVQFNNX6V",
    "linkIdentifier": "21349242",
    "text": "Temptations Mixups Crunchy & Soft Dry Cat Treats Backyard Cookout Flavor, 6.3 oz Pouch",
    "href": "/ip/Temptations-Mixups-Crunchy-Soft-Dry-Cat-Treats-Backyard-Cookout-Flavor-6-3-oz-Pouch/21349242?classType=VARIANT&athbdg=L1102",
    "currentPrice": "current price $3.98",
    "pricePerOz": "63.2 ¢/oz",
    "pickup": "Pickup today",
    "delivery": "Delivery today",
    "shipping": "Shipping, arrives tomorrow"
  },
  {
    "ioId": "5R6K7RYKSY9Y",
    "linkIdentifier": "5218338542",
    "text": "(6 pack) Purina Friskies Party Mix Morning Munch Crunch Cat Treats, Bacon, Egg, & Cheese, 2.1 oz Bag",
    "href": "/ip/Purina-Friskies-Party-Mix-Morning-Munch-Crunch-Cat-Treats-2-1-oz-Pouch/5218338542?classType=VARIANT",
    "currentPrice": "current price $8.88",
    "pricePerOz": "70.5 ¢/oz",
    "pickup": "Pickup today",
    "delivery": "Delivery today",
    "shipping": "Shipping, arrives tomorrow"
  },
  {
    "ioId": "41GJ3LAH53P0",
    "linkIdentifier": "232846669",
    "text": "Delectables Lickable Cat Treats Stew Variety Pack, 12 Count (16.8 oz.)",
    "href": "/ip/Hartz-Delectables-Stew-Variety-12-Pack/232846669?classType=VARIANT",
    "currentPrice": "current price $13.58",
    "pricePerOz": "80.8 ¢/oz",
    "pickup": "Pickup today",
    "delivery": "Delivery today",
    "shipping": "Shipping, arrives tomorrow"
  },
  {
    "ioId": "15EXST6PPXXC",
    "linkIdentifier": "583214742",
    "text": "Purina Friskies Party Mix Cat Treats, Original Crunch Snacks, 30 oz. Canister",
    "href": "/ip/Friskies-Cat-Treats-Party-Mix-Original-Crunch-30-oz-Canister/583214742?classType=VARIANT",
    "currentPrice": "current price Now $12.44",
    "pricePerOz": "$14.18",
    "pickup": "Pickup today",
    "delivery": "Delivery today",
    "shipping": "Shipping, arrives tomorrow"
  },
  {
    "ioId": "6ZZFRGIMU414",
    "linkIdentifier": "27733423",
    "text": "Greenies Smartbites Chicken Flavor Crunchy Soft Treat For Cat, 2.1 Oz",
    "href": "/ip/Greenies-Smartbite-Hairball-Chicken-Cat-Treat/27733423?classType=VARIANT",
    "currentPrice": "current price $3.28",
    "pricePerOz": "$1.56/oz",
    "pickup": "Pickup today",
    "delivery": "Delivery today",
    "shipping": "N/A"
  },
  {
    "ioId": "3IYVS6GACD8L",
    "linkIdentifier": "526903037",
    "text": "Temptations Creamy Puree With Chicken Lickable, Squeezable Cat Treats, 4-Pack Of 12G Pouches",
    "href": "/ip/Temptations-Creamy-Puree-With-Chicken-Squeezable-Lickable-Wet-Treats-For-Cats-0-42-Oz-4-Pack/526903037?classType=REGULAR",
    "currentPrice": "current price $2.58",
    "pricePerOz": "$1.52/oz",
    "pickup": "Pickup today",
    "delivery": "Delivery today",
    "shipping": "N/A"
  },
  {
    "ioId": "6CQ1V9UPPTIG",
    "linkIdentifier": "766791258",
    "text": "Hartz Delectables Bisque Non-Seafood Lickable Wet Cat Treats, Chicken - 1.4oz, One Pouch",
    "href": "/ip/Hartz-Delectables-Bisque-Non-Seafood-Lickable-Wet-Cat-Treats-Chicken-1-4oz-One-Pouch/766791258?classType=VARIANT",
    "currentPrice": "current price $1.12",
    "pricePerOz": "80.0 ¢/oz",
    "pickup": "Pickup today",
    "delivery": "Delivery today",
    "shipping": "N/A"
  },
  {
    "ioId": "4JES99FGNSCV",
    "linkIdentifier": "1479658264",
    "text": "(5 pack) Purina Friskies Party Mix Gravy-licious, Cat Treats, Chicken & Gravy, 2.1 oz Bag",
    "href": "/ip/Purina-Friskies-Cat-Treats-Party-Mix-Gravy-licious-Crunch-Chicken-and-Gravy-Flavors-2-1-oz-Pouch/1479658264?classType=VARIANT",
    "currentPrice": "current price $7.40",
    "pricePerOz": "70.5 ¢/oz",
    "pickup": "Pickup today",
    "delivery": "Delivery today",
    "shipping": "Shipping, arrives tomorrow"
  },
  {
    "ioId": "11DJUAKWLXCS",
    "linkIdentifier": "284382410",
    "text": "Special Kitty Crunchy & Creamy Cat Treats, Salmon Flavor, 16 oz",
    "href": "/ip/Special-Kitty-Crunchy-Creamy-Cat-Treats-Salmon-Flavor-16-oz/284382410?classType=VARIANT",
    "currentPrice": "current price $6.32",
    "pricePerOz": "N/A",
    "pickup": "Pickup today",
    "delivery": "Delivery today",
    "shipping": "Shipping, arrives tomorrow"
  },
  {
    "ioId": "6IB88YCR32TF",
    "linkIdentifier": "705841977",
    "text": "Temptations Shakeups Crustacean Celebration Flavor Crunchy and Soft Treats For Cats, 2.47 oz Pouch",
    "href": "/ip/Temptations-Shakeups-Crustacean-Celebration-Flavor-Crunchy-And-Soft-Treats-For-Cats-2-47-Oz-Pouch/705841977?classType=VARIANT",
    "currentPrice": "current price $2.58",
    "pricePerOz": "$1.03/oz",
    "pickup": "Pickup today",
    "delivery": "Delivery today",
    "shipping": "Shipping, arrives tomorrow"
  },
  {
    "ioId": "73DOAPOKOL43",
    "linkIdentifier": "285874103",
    "text": "Hartz Delectables Stew Lickable Wet Cat Treats Variety Pack, 30 Count",
    "href": "/ip/Hartz-Delectables-Stew-Lickable-Wet-Cat-Treats-Variety-Pack-30-Count/285874103?classType=VARIANT",
    "currentPrice": "current price $31.80",
    "pricePerOz": "75.7 ¢/oz",
    "pickup": "Shipping, arrives tomorrow",
    "delivery": "N/A",
    "shipping": "N/A"
  },
  {
    "ioId": "54O5FKYHB593",
    "linkIdentifier": "256536547",
    "text": "Temptations Jumbo Stuff Tempting Tuna Flavor Crunchy and Soft Dry Cat Treats, 14 oz Tub",
    "href": "/ip/Temptations-Jumbo-Stuff-Tempting-Tuna-Flavor-Crunchy-And-Soft-Treats-For-Cats-14-Oz-Tub/256536547?classType=VARIANT",
    "currentPrice": "current price $9.09",
    "pricePerOz": "64.9 ¢/oz",
    "pickup": "Pickup today",
    "delivery": "Delivery today",
    "shipping": "Shipping, arrives tomorrow"
  },
  {
    "ioId": "735GGHDJW00W",
    "linkIdentifier": "5550081458",
    "text": "(2 pack) Purina Friskies Party Mix Cat Treats, Beachside Crunch Snacks, 30 oz. Canister",
    "href": "/ip/Purina-Friskies-Party-Mix-Cat-Treats-Beachside-Crunch-Snacks-30-oz-Canister/5550081458?classType=VARIANT",
    "currentPrice": "current price $24.88",
    "pricePerOz": "41.5 ¢/oz",
    "pickup": "Pickup today",
    "delivery": "Delivery today",
    "shipping": "Shipping, arrives tomorrow"
  },
  {
    "ioId": "5VJNNVBMDY82",
    "linkIdentifier": "616981705",
    "text": "SmartyKat Catnip with Silvervine, Pure & Potent Blend for Cats, Resealable Pouch, 0.5 oz",
    "href": "/ip/SmartyKat-Catnip-with-Silvervine-Pure-Potent-Blend-for-Cats-Resealable-Pouch-0-5-oz/616981705?classType=VARIANT",
    "currentPrice": "current price $2.08",
    "pricePerOz": "$4.16/oz",
    "pickup": "Pickup today",
    "delivery": "Delivery today",
    "shipping": "Shipping, arrives tomorrow"
  },
  {
    "ioId": "70M410HO8JNM",
    "linkIdentifier": "1722177818",
    "text": "Hartz Delectables Gravy Lickable Wet Cat Treats, Tuna & Whitefish, 1.4 oz, Single",
    "href": "/ip/Hartz-Delectables-Gravy-Lickable-Wet-Cat-Treats-Tuna-Whitefish-1-4-oz-Single/1722177818?classType=VARIANT",
    "currentPrice": "current price $1.12",
    "pricePerOz": "80.0 ¢/oz",
    "pickup": "Shipping, arrives tomorrow",
    "delivery": "N/A",
    "shipping": "N/A"
  },
  {
    "ioId": "10PXPWLID3AU",
    "linkIdentifier": "10321409",
    "text": "TEMPTATIONS Classic Treats for Adult Cats Seafood Medley Flavor, Dry, 3 Oz Shelf Stable Plastic Packet",
    "href": "/ip/Temptations-Seafood-Medley-Flavour-Treats-For-Cats-3-Oz-Cats-Cats/10321409?classType=REGULAR",
    "currentPrice": "current price Now $2.58",
    "pricePerOz": "$7.47",
    "pickup": "Pickup today",
    "delivery": "Delivery today",
    "shipping": "N/A"
  },
  {
    "ioId": "2J2JAW44FOJR",
    "linkIdentifier": "2323382287",
    "text": "Inaba Churu Creamy, Lickable Wet Cat Treats, 0.5 oz, 20 Tubes, Tuna Variety",
    "href": "/ip/Inaba-Churu-Creamy-Lickable-Wet-Cat-Treats-0-5-oz-20-Tubes-Tuna-Variety/2323382287?classType=VARIANT",
    "currentPrice": "current price $10.98",
    "pricePerOz": "$1.10/oz",
    "pickup": "Shipping, arrives tomorrow",
    "delivery": "N/A",
    "shipping": "N/A"
  },
  {
    "ioId": "2SAOCW1X8CJC",
    "linkIdentifier": "185746089",
    "text": "Temptations Classic Crunchy and Soft Cat Treats Shrimpy Shrimp Flavor, 3 oz. Pouch",
    "href": "/ip/Whiskas-Temptations-Shrimp-3oz/185746089?classType=REGULAR",
    "currentPrice": "current price $6.66",
    "pricePerOz": "$2.22/oz",
    "pickup": "Shipping, arrives tomorrow",
    "delivery": "N/A",
    "shipping": "N/A"
  },
  {
    "ioId": "5FJCV670XNZ6",
    "linkIdentifier": "10321416",
    "text": "Temptations Savory Salmon Flavor Crunchy Dry Cat Treats, 3 oz Pouch",
    "href": "/ip/Temptations-Savoury-Salmon-Flavour-Treats-For-Cats-3-Oz/10321416?classType=REGULAR",
    "currentPrice": "current price $2.58",
    "pricePerOz": "86.0 ¢/oz",
    "pickup": "N/A",
    "delivery": "N/A",
    "shipping": "N/A"
  },
  {
    "ioId": "67VLTY73X1NN",
    "linkIdentifier": "556329602",
    "text": "13.8 oz (3 x 4.6 oz) Greenies Feline Natural Dental Treats Catnip Flavor",
    "href": "/ip/13-8-oz-3-x-4-6-oz-Greenies-Feline-Natural-Dental-Treats-Catnip-Flavor/556329602?classType=VARIANT",
    "currentPrice": "current price $29.90",
    "pricePerOz": "N/A",
    "pickup": "Free shipping, arrives in 3+ days",
    "delivery": "N/A",
    "shipping": "N/A"
  },
  {
    "ioId": "4OKKKZMGK5UX",
    "linkIdentifier": "539080387",
    "text": "Temptations Creamy Puree With Chicken, Salmon, and Tuna Lickable, Squeezable Cat Treats 24-Packs Of 12G Pouches",
    "href": "/ip/Temptations-Creamy-Puree-Squeezable-Lickable-Wet-Treat-For-Cats-0-42-Oz-24-Variety-Pack/539080387?classType=VARIANT&athbdg=L1102",
    "currentPrice": "current price $13.28",
    "pricePerOz": "$1.32/oz",
    "pickup": "Shipping, arrives tomorrow",
    "delivery": "N/A",
    "shipping": "N/A"
  },
  {
    "ioId": "6TWUGNRNC1R9",
    "linkIdentifier": "794789006",
    "text": "Delectables Stew Senior 10+ Lickable Cat Treats Variety Pack, 12 Pack",
    "href": "/ip/Hartz-Delectables-Stew-Senior-10-Lickable-Cat-Treats-Variety-Pack-12-Pack/794789006?classType=VARIANT",
    "currentPrice": "current price $13.58",
    "pricePerOz": "N/A",
    "pickup": "Pickup today",
    "delivery": "Delivery today",
    "shipping": "Shipping, arrives tomorrow"
  },
  {
    "ioId": "6VN9DQ4PJ2IT",
    "linkIdentifier": "2782697671",
    "text": "Hartz Delectables Non-Seafood Gravy Lickable Wet Cat Treats, Chicken, 1.4oz, Single",
    "href": "/ip/Hartz-Delectables-Non-Seafood-Gravy-Lickable-Wet-Cat-Treats-Chicken-1-4oz-Single/2782697671?classType=VARIANT",
    "currentPrice": "current price $1.12",
    "pricePerOz": "80.0 ¢/oz",
    "pickup": "Shipping, arrives tomorrow",
    "delivery": "N/A",
    "shipping": "N/A"
  },
  {
    "ioId": "4Y0QTFMHU22C",
    "linkIdentifier": "42425072",
    "text": "Temptations Classic Creamy Dairy Flavor Crunchy and Soft Wet Treats For Cats, 16 oz Tub",
    "href": "/ip/Whiskas-Temptations-Value-Size-Creamy-Dairy-16oz/42425072?classType=VARIANT&athbdg=L1102",
    "currentPrice": "current price $8.48",
    "pricePerOz": "53.0 ¢/oz",
    "pickup": "Pickup today",
    "delivery": "Delivery today",
    "shipping": "Shipping, arrives tomorrow"
  },
  {
    "ioId": "0X0U7S4PXAZ0",
    "linkIdentifier": "584495384",
    "text": "Special Kitty Crunchy & Creamy Tuna Flavor Cat Treats, 16 oz",
    "href": "/ip/Special-Kitty-Tuna-Salmon-Flavor-Crunchy-Treat-for-Cat-16-oz/584495384?classType=VARIANT",
    "currentPrice": "current price $7.58",
    "pricePerOz": "47.4 ¢/oz",
    "pickup": "Shipping, arrives tomorrow",
    "delivery": "N/A",
    "shipping": "N/A"
  },
  {
    "ioId": "2907179JLEOX",
    "linkIdentifier": "469895034",
    "text": "Delectables Stew Non Seafood Chicken Wet Cat Treat 1.4oz, 12 pack",
    "href": "/ip/Hartz-Delectables-Stew-Non-Seafood-Chicken-Lickable-Wet-Cat-Treat-1-4oz-12-Pack/469895034?classType=VARIANT",
    "currentPrice": "current price $18.00",
    "pricePerOz": "$1.50/ea",
    "pickup": "Free shipping, arrives in 3+ days",
    "delivery": "N/A",
    "shipping": "N/A"
  },
  {
    "ioId": "2WOUPAPEVGBQ",
    "linkIdentifier": "812151267",
    "text": "TEMPTATIONS Creamy Purrrr-e with Salmon Cat Treats, (4) 1.7 oz. Pouches",
    "href": "/ip/Temptations-Creamy-Puree-With-Salmon-Squeezable-Lickable-Wet-Treats-For-Cats-0-42-Oz-4-Pack/812151267?classType=REGULAR&athbdg=L1102",
    "currentPrice": "current price $2.58",
    "pricePerOz": "$1.52/oz",
    "pickup": "Pickup today",
    "delivery": "Delivery today",
    "shipping": "N/A"
  },
  {
    "ioId": "26CWLBBJYTS7",
    "linkIdentifier": "989274538",
    "text": "Special Kitty Chicken/Salmon Flavor Crunchy Treat for Cat, 16 oz",
    "href": "/ip/Special-Kitty-Chicken-Salmon-Flavor-Crunchy-Treat-for-Cat-16-oz/989274538?classType=VARIANT",
    "currentPrice": "current price $6.32",
    "pricePerOz": "39.5 ¢/oz",
    "pickup": "Shipping, arrives tomorrow",
    "delivery": "N/A",
    "shipping": "N/A"
  },
  {
    "ioId": "3A19XC8ZQ2XV",
    "linkIdentifier": "205448789",
    "text": "Temptations Classic Tempting Tuna Flavor Crunchy And Soft Dry Cat Treats, 3 Oz Pouch",
    "href": "/ip/Temptations-Classic-Tempting-Tuna-Flavor-Crunchy-And-Soft-Treats-For-Cats-3-Oz-Pouch/205448789?classType=VARIANT",
    "currentPrice": "current price $16.54",
    "pricePerOz": "55.1 ¢/oz",
    "pickup": "Shipping, arrives tomorrow",
    "delivery": "N/A",
    "shipping": "N/A"
  },
  {
    "ioId": "1C9MS5GMXNUB",
    "linkIdentifier": "887456565",
    "text": "Hartz Delectables Savory Broths Lickable Wet Cat Treats Variety Pack, 12 Count",
    "href": "/ip/Hartz-Delectables-Savory-Broths-Lickable-Wet-Cat-Treats-Variety-Pack-12-Count/887456565?classType=VARIANT",
    "currentPrice": "current price $13.83",
    "pricePerOz": "82.3 ¢/oz",
    "pickup": "Shipping, arrives tomorrow",
    "delivery": "N/A",
    "shipping": "N/A"
  },
  {
    "ioId": "2Q2ZA97QNXIP",
    "linkIdentifier": "581013885",
    "text": "Hartz Delectables Stew Non-Seafood Lickable Wet Cat Treats Variety Pack, 12 Count",
    "href": "/ip/Hartz-Delectables-Stew-Non-Seafood-Lickable-Wet-Cat-Treats-Variety-Pack-12-Count/581013885?classType=VARIANT",
    "currentPrice": "current price $13.58",
    "pricePerOz": "80.8 ¢/oz",
    "pickup": "Pickup today",
    "delivery": "Delivery today",
    "shipping": "Shipping, arrives tomorrow"
  },
  {
    "ioId": "3VCC0AJLN3DS",
    "linkIdentifier": "131534643",
    "text": "Temptations Classic Savory Salmon Flavor Crunchy and Soft Dry Cat Treats, 30 oz Tub",
    "href": "/ip/Whiskas-Temptations-Super-Value-Salmon-30oz/131534643?classType=VARIANT&athbdg=L1102",
    "currentPrice": "current price $15.48",
    "pricePerOz": "51.6 ¢/oz",
    "pickup": "Pickup today",
    "delivery": "Delivery today",
    "shipping": "Shipping, arrives tomorrow"
  },
  {
    "ioId": "31BHHUD87KWH",
    "linkIdentifier": "5553535903",
    "text": "(6 pack) Purina Friskies Cat Treats, Party Mix California Crunch With Chicken",
    "href": "/ip/Purina-Friskies-Cat-Treats-Party-Mix-California-Crunch-with-Chicken-6-oz-Bag/5553535903?classType=VARIANT",
    "currentPrice": "current price $20.88",
    "pricePerOz": "58.0 ¢/oz",
    "pickup": "Pickup today",
    "delivery": "Delivery today",
    "shipping": "Shipping, arrives tomorrow"
  },
  {
    "ioId": "38IEUGDMSQA1",
    "linkIdentifier": "367915740",
    "text": "Hartz Delectables Squeeze up Variety Pack Interactive Lickable Wet Cat Treat, 0.5oz (24 Count)",
    "href": "/ip/Hartz-Delectables-Squeeze-Up-Variety-Pack-Interactive-Lickable-Wet-Cat-Treat-0-5oz-24-Count/367915740?classType=VARIANT",
    "currentPrice": "current price $13.86",
    "pricePerOz": "$1.16/oz",
    "pickup": "Shipping, arrives tomorrow",
    "delivery": "N/A",
    "shipping": "N/A"
  },
  {
    "ioId": "6WVKBB67YC95",
    "linkIdentifier": "176080629",
    "text": "Temptations Classic Shrimpy Shrimp Flavor Crunchy And Soft Dry Cat Treats, 6.3 Oz Pouch",
    "href": "/ip/Temptations-Classic-Shrimpy-Shrimp-Flavor-Crunchy-And-Soft-Dry-Cat-Treats-6-3-Oz-Pouch/176080629?classType=REGULAR&athbdg=L1103",
    "currentPrice": "current price $3.98",
    "pricePerOz": "63.2 ¢/oz",
    "pickup": "Pickup today",
    "delivery": "Delivery today",
    "shipping": "Shipping, arrives tomorrow"
  },
  {
    "ioId": "298JVS1E1OS3",
    "linkIdentifier": "856124682",
    "text": "Purina Fancy Feast Savory Cravings, Soft Cat Treats, Salmon, 1 oz Box",
    "href": "/ip/Fancy-Feast-Limited-Ingredient-Cat-Treats-Savory-Cravings-Salmon-Flavor-1-oz-Box/856124682?classType=VARIANT",
    "currentPrice": "current price $1.98",
    "pricePerOz": "$1.98/oz",
    "pickup": "Shipping, arrives tomorrow",
    "delivery": "N/A",
    "shipping": "N/A"
  },
  {
    "ioId": "117QXI1EUOJ5",
    "linkIdentifier": "935909854",
    "text": "TEMPTATIONS Creamy Puree Salmon and Chicken Lickable Cat Treats Variety Pack, (16) 12g Pouches",
    "href": "/ip/Temptations-Creamy-Puree-Lickable-Variety-Pack-Treats-For-Cats-6-7-Oz-Pouch-16-Pack/935909854?classType=VARIANT",
    "currentPrice": "current price $11.13",
    "pricePerOz": "$1.66/oz",
    "pickup": "Shipping, arrives tomorrow",
    "delivery": "N/A",
    "shipping": "N/A"
  },
  {
    "ioId": "4BP2SVACZP9Y",
    "linkIdentifier": "55042663",
    "text": "Delectables Lickable Cat Treats - Stew Chicken & Tuna, 1.4 oz., 5 Count",
    "href": "/ip/Delectables-Stew-Chicken-and-Tuna-Lickable-Cat-Treat-5-Pack/55042663?classType=REGULAR",
    "currentPrice": "current price Now $5.87",
    "pricePerOz": "$21.55",
    "pickup": "Shipping, arrives tomorrow",
    "delivery": "N/A",
    "shipping": "N/A"
  },
  {
    "ioId": "2HIMCC832EFL",
    "linkIdentifier": "46713020",
    "text": "Meow Mix Irresistibles Cat Treats - Soft With White Meat Chicken, 6.5-Ounce Bag",
    "href": "/ip/Meow-Mix-Irresistibles-Cat-Treats-Soft-With-White-Meat-Chicken-6-5-Ounce-Bag/46713020?classType=VARIANT",
    "currentPrice": "current price $12.25",
    "pricePerOz": "$21.49/oz",
    "pickup": "Free shipping, arrives in 3+ days",
    "delivery": "N/A",
    "shipping": "N/A"
  },
  {
    "ioId": "7DTGMGU9YEM9",
    "linkIdentifier": "2011746741",
    "text": "Reheyre 5g/Pack Cat Mint Powder Natural Catnip Pet Kitten Mouth Cleaning Flavor Treats",
    "href": "/ip/Reheyre-5g-Pack-Cat-Mint-Powder-Natural-Catnip-Pet-Kitten-Mouth-Cleaning-Flavor-Treats/2011746741?classType=VARIANT",
    "currentPrice": "current price $9.72",
    "pricePerOz": "N/A",
    "pickup": "Free shipping, arrives in 3+ days",
    "delivery": "N/A",
    "shipping": "N/A"
  },
  {
    "ioId": "1BUXUU106HGK",
    "linkIdentifier": "440282076",
    "text": "Temptations Jumbo Stuff Tasty Chicken Flavor Crunchy and Soft Dry Cat Treats, 14 oz Tub",
    "href": "/ip/Temptations-Jumbo-Stuff-Tasty-Chicken-Flavor-Crunchy-And-Soft-Treats-For-Cats-14-Oz-Tub/440282076?classType=VARIANT",
    "currentPrice": "current price $10.83",
    "pricePerOz": "77.4 ¢/oz",
    "pickup": "Pickup today",
    "delivery": "Delivery today",
    "shipping": "Shipping, arrives tomorrow"
  },
  {
    "ioId": "6ODA4NCQN9BA",
    "linkIdentifier": "1878311615",
    "text": "SmartyKat Catnip & Silvervine 35 g Natural Blend Cat Toy with Resealable Pouch, Assorted",
    "href": "/ip/SmartyKat-Catnip-Silvervine-35-g-Natural-Blend-Cat-Toy-with-Resealable-Pouch-Assorted/1878311615?classType=REGULAR",
    "currentPrice": "current price Now $3.88",
    "pricePerOz": "$4.68",
    "pickup": "Pickup today",
    "delivery": "Delivery today",
    "shipping": "Shipping, arrives tomorrow"
  },
  {
    "ioId": "1T2YHEKYOG58",
    "linkIdentifier": "573614161",
    "text": "Temptations Classic Blissful Catnip Flavor Crunchy And Soft Dry Cat Treats, 16 Oz Tub",
    "href": "/ip/Temptations-Classic-Blissful-Catnip-Flavor-Crunchy-And-Soft-Dry-Cat-Treats-16-Oz-Tub/573614161?classType=VARIANT",
    "currentPrice": "current price $9.06",
    "pricePerOz": "56.6 ¢/oz",
    "pickup": "Shipping, arrives tomorrow",
    "delivery": "N/A",
    "shipping": "N/A"
  },
  {
    "ioId": "31M5JYL5R2G6",
    "linkIdentifier": "804025751",
    "text": "Delectables Squeeze Up Lickable Cat Treats, Chicken & Tuna Variety Pack, 10 Count",
    "href": "/ip/Hartz-Delectables-Squeeze-Up-Lickable-Wet-Cat-Treats-Chicken-Tuna-Variety-Pack-10-Pack/804025751?classType=REGULAR&athbdg=L1103",
    "currentPrice": "current price $6.04",
    "pricePerOz": "$1.21/oz",
    "pickup": "Shipping, arrives in 2 days",
    "delivery": "N/A",
    "shipping": "N/A"
  },
  {
    "ioId": "3KTLWLIHYVOL",
    "linkIdentifier": "5551789376",
    "text": "(3 pack) Purina Friskies Party Mix Gravy-licious, Cat Treats, Chicken & Gravy, 6 oz Bag",
    "href": "/ip/Purina-Friskies-Cat-Treats-Party-Mix-Gravy-licious-Crunch-Chicken-and-Gravy-Flavors/5551789376?classType=VARIANT",
    "currentPrice": "current price $10.44",
    "pricePerOz": "9.7 ¢/oz",
    "pickup": "Pickup today",
    "delivery": "Delivery today",
    "shipping": "Shipping, arrives tomorrow"
  },
  {
    "ioId": "5N42843CCFC6",
    "linkIdentifier": "386293892",
    "text": "INABA Churu Creamy, Lickable Purée Cat Treat w Taurine, 0.5 oz, 50 Tubes, Tuna & Chicken Variety",
    "href": "/ip/INABA-Churu-Cat-Treats-Grain-Free-Lickable-Squeezable-Creamy-Pur-e-Treat-Topper-Vitamin-E-Taurine-0-5-Ounces-Each-Tube-50-Tubes-Tuna-Chicken-Variety/386293892?classType=VARIANT",
    "currentPrice": "current price Now $32.59",
    "pricePerOz": "$39.99",
    "pickup": "Shipping, arrives tomorrow",
    "delivery": "N/A",
    "shipping": "N/A"
  },
  {
    "ioId": "3BC3UXCFGOG3",
    "linkIdentifier": "399286736",
    "text": "Temptations Classic Rockin' Lobster Flavor Crunchy and Soft Dry Cat Treats, 6.3 oz Pouch",
    "href": "/ip/Temptations-Classic-Rockin-Lobster-Flavor-Crunchy-And-Soft-Treats-For-Cats-6-3-Oz-Pouch/399286736?classType=VARIANT",
    "currentPrice": "current price $3.98",
    "pricePerOz": "63.2 ¢/oz",
    "pickup": "Pickup today",
    "delivery": "Delivery today",
    "shipping": "N/A"
  },
  {
    "ioId": "5NLHDG6H11K9",
    "linkIdentifier": "45031309",
    "text": "Meow Mix Irresistibles Cat Treats - Soft With Salmon, 12-Ounce Bag",
    "href": "/ip/Meow-Mix-Irresistibles-Cat-Treats-Soft-with-Salmon-12-oz/45031309?classType=VARIANT",
    "currentPrice": "current price $6.12",
    "pricePerOz": "51.0 ¢/oz",
    "pickup": "Pickup today",
    "delivery": "Delivery today",
    "shipping": "Shipping, arrives tomorrow"
  },
  {
    "ioId": "3F60J08CCEXY",
    "linkIdentifier": "706714118",
    "text": "Hartz Delectables Bisque Lickable Wet Cat Treats Variety Pack, 30 Count",
    "href": "/ip/Hartz-Delectables-Bisque-Lickable-Wet-Cat-Treats-Variety-Pack-30-Count/706714118?classType=REGULAR",
    "currentPrice": "current price Now $31.97",
    "pricePerOz": "$46.49",
    "pickup": "Shipping, arrives tomorrow",
    "delivery": "N/A",
    "shipping": "N/A"
  },
  {
    "ioId": "2PWD5S0BO029",
    "linkIdentifier": "415026986",
    "text": "Feline Greenies Adult Natural Dental Care Cat Treats, Savory Salmon Flavor, 21 Oz Tub",
    "href": "/ip/Greenies-Feline-Adult-Cat-Dental-Treats-Savory-Salmon-21-oz/415026986?classType=VARIANT",
    "currentPrice": "current price $22.98",
    "pricePerOz": "$1.09/oz",
    "pickup": "Shipping, arrives tomorrow",
    "delivery": "N/A",
    "shipping": "N/A"
  },
  {
    "ioId": "6AEAPE0XXWPX",
    "linkIdentifier": "678829411",
    "text": "Temptations Kitten Salmon And Dairy Flavor Crunchy And Soft Treats For Kitten, 6.3 Oz Pouch",
    "href": "/ip/Temptations-Kitten-Salmon-And-Dairy-Flavor-Crunchy-And-Soft-Treats-For-Kitten-6-3-Oz-Pouch/678829411?classType=VARIANT",
    "currentPrice": "current price $3.98",
    "pricePerOz": "63.2 ¢/oz",
    "pickup": "Pickup today",
    "delivery": "Delivery today",
    "shipping": "N/A"
  },
  {
    "ioId": "6U7S8M75NMIR",
    "linkIdentifier": "5340618301",
    "text": "Hartz Delectables Squeeze Up Catnip Flavored Variety Pack Lickable Cat Treat, 20ct",
    "href": "/ip/Hartz-Delectables-Squeeze-Up-Catnip-Flavored-Variety-Pack-Lickable-Cat-Treat-20ct/5340618301?classType=REGULAR&athbdg=L1103",
    "currentPrice": "current price $11.62",
    "pricePerOz": "$1.16/oz",
    "pickup": "Shipping, arrives tomorrow",
    "delivery": "N/A",
    "shipping": "N/A"
  },
  {
    "ioId": "32RQPSA086SX",
    "linkIdentifier": "208358540",
    "text": "Purina Fancy Feast Savory Cravings, Soft Cat Treats, Tuna, 1 oz Box",
    "href": "/ip/Purina-Fancy-Feast-Savory-Cravings-Limited-Ingredient-Natural-Cat-Treats-Tuna-Flavor/208358540?classType=VARIANT",
    "currentPrice": "current price $1.98",
    "pricePerOz": "$1.98/oz",
    "pickup": "Shipping, arrives tomorrow",
    "delivery": "N/A",
    "shipping": "N/A"
  },
  {
    "ioId": "13QOWDUTL1LR",
    "linkIdentifier": "2353880028",
    "text": "Temptations Lickable Spoons Wet Cat Treat, Savory Salmon & Tempting Tuna, 10 Grams, Pack Of 4",
    "href": "/ip/Temptations-Lickable-Spoons-Wet-Cat-Treat-Savory-Salmon-Tempting-Tuna-10-Grams-Pack-Of-4/2353880028?classType=VARIANT",
    "currentPrice": "current price Now $2.98",
    "pricePerOz": "$9.98",
    "pickup": "Shipping, arrives tomorrow",
    "delivery": "N/A",
    "shipping": "N/A"
  },
  {
    "ioId": "18IH8VRLIMXG",
    "linkIdentifier": "355690898",
    "text": "Delectables Lickable Savory Broths, Tuna, Shrimp & Whitefish, 1ct",
    "href": "/ip/Delectables-Lickable-Savory-Broths-Tuna-Shrimp-Whitefish-1ct/355690898?classType=VARIANT",
    "currentPrice": "current price $1.12",
    "pricePerOz": "80.0 ¢/oz",
    "pickup": "Shipping, arrives in 3+ days",
    "delivery": "N/A",
    "shipping": "N/A"
  },
  {
    "ioId": "3JLFIFPJZWLE",
    "linkIdentifier": "981348046",
    "text": "Feline Greenies Pill Pockets For Cats Natural Soft Cat Treats, Chicken Flavor, 3 Oz Pack (85 Treats)",
    "href": "/ip/Greenies-Feline-Pill-Pockets-Cat-Treats-Value-Size-Chicken-Flavor-3-Oz/981348046?classType=VARIANT",
    "currentPrice": "N/A",
    "pricePerOz": "N/A",
    "pickup": "Free shipping, arrives in 2 days",
    "delivery": "N/A",
    "shipping": "N/A"
  },
  {
    "ioId": "632MWQ6K240Y",
    "linkIdentifier": "190541903",
    "text": "INABA Churu Cat Treats, Creamy Lickable Purée Cat Treat with Vitamin E, 0.5 Ounces Each Tube, 4 Tubes, Tuna Recipe",
    "href": "/ip/INABA-Churu-Cat-Treats-Grain-Free-Lickable-Squeezable-Creamy-Pur-e-Treat-Topper-Vitamin-E-Taurine-0-5-Ounces-Each-Tube-4-Tubes-Tuna-Recipe/190541903?classType=VARIANT",
    "currentPrice": "current price $2.71",
    "pricePerOz": "$1.36/oz",
    "pickup": "Shipping, arrives in 3+ days",
    "delivery": "N/A",
    "shipping": "N/A"
  },
  {
    "ioId": "3X6OIRLQ3R10",
    "linkIdentifier": "2446986775",
    "text": "INABA Churu Bisque Lickable Wet Cat Topper, 1.4 oz Pouch, Chicken",
    "href": "/ip/INABA-Churu-Bisque-Lickable-Wet-Cat-Topper-1-4-oz-Pouch-Chicken/2446986775?classType=VARIANT",
    "currentPrice": "current price Now $1.73",
    "pricePerOz": "$9.00",
    "pickup": "Shipping, arrives in 3+ days",
    "delivery": "N/A",
    "shipping": "N/A"
  },
  {
    "ioId": "1NL1UAH4X2YQ",
    "linkIdentifier": "1686616915",
    "text": "BONKERS Cat Bites, Crunchy & Soft Seafood & Eat it! Flavored Cat Treats, 3oz / 85g Bag",
    "href": "/ip/Bonkers-Crunchy-and-Soft-Cat-Treats-Seafood-Eat-it-Flavor-3oz/1686616915?classType=VARIANT",
    "currentPrice": "current price $2.52",
    "pricePerOz": "84.0 ¢/oz",
    "pickup": "Shipping, arrives in 3+ days",
    "delivery": "N/A",
    "shipping": "N/A"
  },
  {
    "ioId": "26K6C97J4J77",
    "linkIdentifier": "667644402",
    "text": "Purina Fancy Feast Savory Cravings, Soft Cat Treats, Beef, 1 oz Box",
    "href": "/ip/Purina-Fancy-Feast-Savory-Cravings-Beef-Flavor-Treats-for-Cats-1-oz-Box/667644402?classType=VARIANT&athbdg=L1102",
    "currentPrice": "current price Now $1.98",
    "pricePerOz": "$9.00",
    "pickup": "Shipping, arrives tomorrow",
    "delivery": "N/A",
    "shipping": "N/A"
  },
  {
    "ioId": "2BR253YROS7O",
    "linkIdentifier": "318691408",
    "text": "Hartz Delectables Bisque Non-Seafood Lickable Wet Cat Treats Variety Pack, 12 Count",
    "href": "/ip/Hartz-Delectables-Bisque-Non-Seafood-Lickable-Wet-Cat-Treats-Variety-Pack-12-Count/318691408?classType=VARIANT&athbdg=L1102",
    "currentPrice": "current price $12.94",
    "pricePerOz": "77.0 ¢/oz",
    "pickup": "Shipping, arrives in 2 days",
    "delivery": "N/A",
    "shipping": "N/A"
  },
  {
    "ioId": "65GUPJC7BXMX",
    "linkIdentifier": "914866578",
    "text": "Rachael Ray Nutrish Purrfect Broths Tasty Tuna Recipe, Lickable Complements for Cats, 1.4 oz. Pouch",
    "href": "/ip/Rachael-Ray-Nutrish-Purrfect-Broths-Tasty-Tuna-Recipe-Lickable-Complements-for-Cats-1-4-oz-Pouch/914866578?classType=VARIANT",
    "currentPrice": "current price $1.35",
    "pricePerOz": "96.4 ¢/oz",
    "pickup": "Shipping, arrives in 3+ days",
    "delivery": "N/A",
    "shipping": "N/A"
  },
  {
    "ioId": "7HQ1XFDXZEXT",
    "linkIdentifier": "47653371",
    "text": "Multipet Catnip Garden All Natural Loose Catnip Bag, 1 Ounce",
    "href": "/ip/Multipet-Catnip-Garden-All-Natural-Loose-Catnip-Bag-1-Ounce/47653371?classType=REGULAR",
    "currentPrice": "current price $4.74",
    "pricePerOz": "N/A",
    "pickup": "Shipping, arrives tomorrow",
    "delivery": "N/A",
    "shipping": "N/A"
  },
  {
    "ioId": "2KBELTTC80KO",
    "linkIdentifier": "677191722",
    "text": "Temptations Cat Treats, 3/Pack",
    "href": "/ip/Temptations-FOOD-CAT-VARIETY-AST-90109/677191722?classType=REGULAR",
    "currentPrice": "current price Now $17.00",
    "pricePerOz": "$29.99",
    "pickup": "Shipping, arrives in 3+ days",
    "delivery": "N/A",
    "shipping": "N/A"
  },
  {
    "ioId": "4AVL8O7RY4I0",
    "linkIdentifier": "541391282",
    "text": "Purina Friskies Natural, Grain Free Lickable Cat Treats Lil’ Soups with Tuna in Chicken Broth, 1.2 oz Cups (8 Pack)",
    "href": "/ip/Purina-Friskies-Lil-Soups-Lickable-Cat-Treats-Soft-Tuna-Chicken-Broth-Snacks-1-2-oz-Cups-8-Pack/541391282?classType=VARIANT",
    "currentPrice": "current price Now $10.22",
    "pricePerOz": "$19.00",
    "pickup": "Shipping, arrives tomorrow",
    "delivery": "N/A",
    "shipping": "N/A"
  },
  {
    "ioId": "5CDETQN386G4",
    "linkIdentifier": "5580009767",
    "text": "Hartz Delectables Lickable Spoon, Interactive Lickable Cat Treats for Quick & Easy Bonding, Salmon 32ct",
    "href": "/ip/Hartz-Delectables-Lickable-Spoon-Interactive-Lickable-Cat-Treats-for-Quick-Easy-Bonding-Salmon-32ct/5580009767?classType=REGULAR",
    "currentPrice": "current price $23.88",
    "pricePerOz": "74.6 ¢/count",
    "pickup": "Shipping, arrives tomorrow",
    "delivery": "N/A",
    "shipping": "N/A"
  },
  {
    "ioId": "5T535DRI0A00",
    "linkIdentifier": "120132492",
    "text": "\"I and love and you\" Hair Meow't Hearties Cat Treats, Salmon Recipe, 4oz Bag",
    "href": "/ip/I-and-love-and-you-Hair-Meow-t-Hearties-Cat-Treats-Salmon-Recipe-4oz-Bag/120132492?classType=REGULAR",
    "currentPrice": "current price $9.97",
    "pricePerOz": "$2.49/oz",
    "pickup": "Shipping, arrives tomorrow",
    "delivery": "N/A",
    "shipping": "N/A"
  },
  {
    "ioId": "1MMDQCKWN700",
    "linkIdentifier": "1370967541",
    "text": "Hartz Delectables Non-Seafood Gravy Lickable Wet Cat Treats, Chicken, 12 Count, 1.4oz",
    "href": "/ip/Hartz-Delectables-Non-Seafood-Gravy-Lickable-Wet-Cat-Treats-Chicken-12-Count-1-4oz/1370967541?classType=REGULAR",
    "currentPrice": "current price $13.35",
    "pricePerOz": "79.5 ¢/oz",
    "pickup": "Shipping, arrives tomorrow",
    "delivery": "N/A",
    "shipping": "N/A"
  },
  {
    "ioId": "4XSGPTP11K3K",
    "linkIdentifier": "887852743",
    "text": "Temptations Treats for Cats Hearty Beef Flavor 3 oz (Pack of 2)",
    "href": "/ip/TEMPTATIONS-Classic-Treats-for-Cats-Hearty-Beef-Flavor-Pack-of-2/887852743?classType=REGULAR",
    "currentPrice": "current price $17.35",
    "pricePerOz": "N/A",
    "pickup": "Free shipping, arrives in 3+ days",
    "delivery": "N/A",
    "shipping": "N/A"
  },
  {
    "ioId": "5ZZ7B3I5FI87",
    "linkIdentifier": "417676794",
    "text": "Feline Greenies Adult Natural Dental Care Cat Treats Tempting Tuna Flavor, 21 Oz Tub",
    "href": "/ip/Greenies-Feline-Adult-Cat-Dental-Treats-Tempting-Tuna-21-oz/417676794?classType=VARIANT",
    "currentPrice": "current price $22.98",
    "pricePerOz": "$1.09/oz",
    "pickup": "Shipping, arrives in 2 days",
    "delivery": "N/A",
    "shipping": "N/A"
  },
  {
    "ioId": "0VS97VVZMG8X",
    "linkIdentifier": "37297870",
    "text": "Purina Whisker Lickin's Dental Cat Treats, Tuna, 10 oz Bag",
    "href": "/ip/Purina-Whisker-Lickin-s-Tuna-Flavor-Cat-Treats-Pouch-10-oz-Cats/37297870?classType=VARIANT&athbdg=L1102",
    "currentPrice": "current price $4.98",
    "pricePerOz": "49.8 ¢/oz",
    "pickup": "Pickup today",
    "delivery": "Delivery today",
    "shipping": "N/A"
  },
  {
    "ioId": "3BQRLTIFUUMD",
    "linkIdentifier": "2258271030",
    "text": "Temptations Treats for Cats Hearty Beef Flavor 3 oz (Pack of 3)",
    "href": "/ip/TEMPTATIONS-Classic-Treats-for-Cats-Hearty-Beef-Flavor-Pack-of-3/2258271030?classType=REGULAR",
    "currentPrice": "current price $19.65",
    "pricePerOz": "N/A",
    "pickup": "Free shipping, arrives in 3+ days",
    "delivery": "N/A",
    "shipping": "N/A"
  },
  {
    "ioId": "2H5RD8CXRGZK",
    "linkIdentifier": "269473765",
    "text": "Purina Friskies Made in USA Facilities Cat Treats, Party Mix Crunch Morning Munch - 10 2.1 oz. Pouches",
    "href": "/ip/Purina-Friskies-Made-in-USA-Facilities-Cat-Treats-Party-Mix-Crunch-Morning-Munch-10-2-1-oz-Pouches/269473765?classType=REGULAR",
    "currentPrice": "N/A",
    "pricePerOz": "N/A",
    "pickup": "Free shipping, arrives in 3+ days",
    "delivery": "N/A",
    "shipping": "N/A"
  },
  {
    "ioId": "4BTCIK0Y8VTX",
    "linkIdentifier": "299232938",
    "text": "INABA Churu Creamy, Lickable Purée Cat Treat with Taurine, 0.5 oz, 4 Tubes, Chicken",
    "href": "/ip/INABA-Churu-Creamy-Lickable-Pur-e-Cat-Treat-with-Taurine-0-5-oz-4-Tubes-Chicken/299232938?classType=VARIANT",
    "currentPrice": "current price $6.77",
    "pricePerOz": "$13.54/oz",
    "pickup": "Shipping, arrives tomorrow",
    "delivery": "N/A",
    "shipping": "N/A"
  },
  {
    "ioId": "48Y2I9MDDA9Z",
    "linkIdentifier": "331681921",
    "text": "Temptations Tasty Chicken Cat Treats 16 oz (Pack of 14)",
    "href": "/ip/Temptations-16-Oz-Tasty-Chicken-Cat-Treat-Pack-of-14/331681921?classType=REGULAR",
    "currentPrice": "current price $148.91",
    "pricePerOz": "N/A",
    "pickup": "Free shipping, arrives in 3+ days",
    "delivery": "N/A",
    "shipping": "N/A"
  },
  {
    "ioId": "78ZY9SERSQSH",
    "linkIdentifier": "962393727",
    "text": "Zesty Paws Calming Bites for Cats, Stress & Anxiety Relief Supplement, Bacon Flavor, 30 ct",
    "href": "/ip/Zesty-Paws-Calming-Bites-for-Cats-Stress-Anxiety-Relief-Supplement-Bacon-Flavor-30-ct/962393727?classType=VARIANT&athbdg=L1600",
    "currentPrice": "current price $8.97",
    "pricePerOz": "29.9 ¢/count",
    "pickup": "Pickup today",
    "delivery": "Delivery today",
    "shipping": "Shipping, arrives tomorrow"
  },
  {
    "ioId": "5CVQ85XA5WS8",
    "linkIdentifier": "729340443",
    "text": "Purina Friskies Cat Treats, Party Mix Gravy-licious Crunch Chicken and Gravy Flavors",
    "href": "/ip/Purina-Friskies-Cat-Treats-Party-Mix-Gravy-licious-Crunch-Chicken-and-Gravy-Flavors/729340443?classType=REGULAR",
    "currentPrice": "N/A",
    "pricePerOz": "N/A",
    "pickup": "Free shipping, arrives in 3+ days",
    "delivery": "N/A",
    "shipping": "N/A"
  },
  {
    "ioId": "5NKWTZ4LC1AA",
    "linkIdentifier": "5575206939",
    "text": "Hartz Delectables Lickable Spoon, Interactive Lickable Cat Treats for Quick & Easy Bonding, Variety Pack 32ct",
    "href": "/ip/Hartz-Delectables-Lickable-Spoon-Interactive-Lickable-Cat-Treats-for-Quick-Easy-Bonding-Variety-Pack-32ct/5575206939?classType=REGULAR",
    "currentPrice": "current price $23.88",
    "pricePerOz": "74.6 ¢/count",
    "pickup": "Shipping, arrives tomorrow",
    "delivery": "N/A",
    "shipping": "N/A"
  },
  {
    "ioId": "70SGSGDY91S2",
    "linkIdentifier": "565009817",
    "text": "Temptations Tasty Chicken Cat Treats 16 oz (Pack of 18)",
    "href": "/ip/Temptations-16-Oz-Tasty-Chicken-Cat-Treat/565009817?classType=REGULAR",
    "currentPrice": "current price $190.01",
    "pricePerOz": "N/A",
    "pickup": "Free shipping, arrives in 3+ days",
    "delivery": "N/A",
    "shipping": "N/A"
  },
  {
    "ioId": "7J8GV6RAM1AE",
    "linkIdentifier": "392347351",
    "text": "TopDawg 39209 Lick N lap Tube Cat Chicken Treat - Pack of 5",
    "href": "/ip/Vitakraft-Lick-N-Lap-Snack-Chicken-Cat-Treat/392347351?classType=VARIANT",
    "currentPrice": "current price Now $13.35",
    "pricePerOz": "$20.00",
    "pickup": "Free shipping, arrives in 3+ days",
    "delivery": "N/A",
    "shipping": "N/A"
  },
  {
    "ioId": "4XT1XNGCM8SO",
    "linkIdentifier": "955521649",
    "text": "Feline Greenies Pill Pockets For Cats Natural Soft Dry Cat Treats, Catnip Flavor, 1.6 Oz Pack (45 Treats)",
    "href": "/ip/Greenies-Feline-Pill-Pockets-Catnip-Flavor-Treats-for-Cats-1-6-oz-Pouch/955521649?classType=REGULAR",
    "currentPrice": "current price $9.98",
    "pricePerOz": "$6.24/oz",
    "pickup": "Shipping, arrives tomorrow",
    "delivery": "N/A",
    "shipping": "N/A"
  },
  {
    "ioId": "270DYQ6GMP1U",
    "linkIdentifier": "3562564430",
    "text": "Hartz Delectables Non-Seafood Gravy Lickable Wet Cat Treats, Chicken & Turkey, 1.4 oz, Single",
    "href": "/ip/Hartz-Delectables-Non-Seafood-Gravy-Lickable-Wet-Cat-Treats-Chicken-Turkey-1-4-oz-Single/3562564430?classType=REGULAR",
    "currentPrice": "current price Now $1.41",
    "pricePerOz": "$10.79",
    "pickup": "Shipping, arrives in 3+ days",
    "delivery": "N/A",
    "shipping": "N/A"
  },
  {
    "ioId": "0RKAGA7GXTYH",
    "linkIdentifier": "921192496",
    "text": "Temptations Tasty Chicken Cat Treats 16 oz (Pack of 8)",
    "href": "/ip/Temptations-16-Oz-Tasty-Chicken-Cat-Treat-Pack-of-8/921192496?classType=REGULAR",
    "currentPrice": "current price $91.02",
    "pricePerOz": "N/A",
    "pickup": "Free shipping, arrives in 3+ days",
    "delivery": "N/A",
    "shipping": "N/A"
  },
  {
    "ioId": "3JMJXC373Q89",
    "linkIdentifier": "5269589616",
    "text": "Hartz Delectables Squeeze Up Chicken with Catnip Flavored Lickable Cat Treat, 32ct",
    "href": "/ip/Hartz-Delectables-Squeeze-Up-Chicken-with-Catnip-Flavored-Lickable-Cat-Treat-32ct/5269589616?classType=REGULAR",
    "currentPrice": "current price $18.44",
    "pricePerOz": "57.6 ¢/count",
    "pickup": "Shipping, arrives tomorrow",
    "delivery": "N/A",
    "shipping": "N/A"
  },
  {
    "ioId": "4802M883D0TX",
    "linkIdentifier": "170647241",
    "text": "Temptations Tender Fills Roasted Chicken Flavor Soft Chew Treats For Adult Cats, 2.1 Oz Pouch",
    "href": "/ip/Temptations-Tender-Fills-Roasted-Chicken-Flavor-Soft-Chew-Treats-For-Adult-Cats-2-1-Oz-Pouch/170647241?classType=REGULAR",
    "currentPrice": "current price Now $1.00",
    "pricePerOz": "$8.92",
    "pickup": "Shipping, arrives in 3+ days",
    "delivery": "N/A",
    "shipping": "N/A"
  },
  {
    "ioId": "2Z42QHKT2PNK",
    "linkIdentifier": "1141369139",
    "text": "Temptations Lickable Spoons Wet Cat Treat, Tasty Chicken And Cheesy Cheese, 10 Grams, Pack Of 4",
    "href": "/ip/Temptations-Lickable-Spoons-Wet-Cat-Treat-Tasty-Chicken-And-Cheesy-Cheese-10-Grams-Pack-Of-4/1141369139?classType=VARIANT&athbdg=L1102",
    "currentPrice": "current price $2.98",
    "pricePerOz": "$2.13/oz",
    "pickup": "Shipping, arrives tomorrow",
    "delivery": "N/A",
    "shipping": "N/A"
  },
  {
    "ioId": "20HXTMAQEDLV",
    "linkIdentifier": "1031442014",
    "text": "BONKERS Cat Bites, Crunchy & Soft Paw Lickin' Chicken Flavored Cat Treats, 3oz / 85g Bag",
    "href": "/ip/Bonkers-Crunchy-and-Soft-Cat-Treats-Paw-Lickin-Chicken-Flavor-3oz/1031442014?classType=VARIANT",
    "currentPrice": "N/A",
    "pricePerOz": "N/A",
    "pickup": "Free shipping, arrives in 3+ days",
    "delivery": "N/A",
    "shipping": "N/A"
  },
  {
    "ioId": "3BVJP7TC0TLY",
    "linkIdentifier": "988791581",
    "text": "Temptations Tasty Chicken Cat Treats 16 oz (Pack of 20)",
    "href": "/ip/Temptations-16-Oz-Tasty-Chicken-Cat-Treat/988791581?classType=REGULAR",
    "currentPrice": "current price $207.46",
    "pricePerOz": "N/A",
    "pickup": "Free shipping, arrives in 3+ days",
    "delivery": "N/A",
    "shipping": "N/A"
  },
  {
    "ioId": "1LULCA6KAF57",
    "linkIdentifier": "922361884",
    "text": "Temptations Treats for Cats Hearty Beef Flavor 3 oz (Pack of 8)",
    "href": "/ip/TEMPTATIONS-Classic-Treats-for-Cats-Hearty-Beef-Flavor-Pack-of-8/922361884?classType=REGULAR",
    "currentPrice": "current price $31.17",
    "pricePerOz": "N/A",
    "pickup": "Free shipping, arrives in 3+ days",
    "delivery": "N/A",
    "shipping": "N/A"
  },
  {
    "ioId": "6OMCSLG9Z2DD",
    "linkIdentifier": "513480591",
    "text": "Temptations Creamy Puree With Chicken Squeezable Lickable Wet Treats For Cats, 0.42 Oz (16 Pack)",
    "href": "/ip/Temptations-Creamy-Puree-With-Chicken-Squeezable-Lickable-Wet-Treats-For-Cats-0-42-Oz-16-Pack/513480591?classType=VARIANT",
    "currentPrice": "current price $10.39",
    "pricePerOz": "$1.55/oz",
    "pickup": "Shipping, arrives tomorrow",
    "delivery": "N/A",
    "shipping": "N/A"
  },
  {
    "ioId": "7E3BVF2LJ8F5",
    "linkIdentifier": "15716496",
    "text": "Temptations Classic Crunchy and Soft Cat Treats Tempting Tuna Flavor, 3 oz. Pouch",
    "href": "/ip/Whiskas-Temptations-Tuna-Snacks-Treats-3-oz/15716496?classType=REGULAR&athbdg=L1103",
    "currentPrice": "current price $2.58",
    "pricePerOz": "86.0 ¢/oz",
    "pickup": "Pickup today",
    "delivery": "Delivery today",
    "shipping": "N/A"
  },
  {
    "ioId": "3SIEG3L0SXXY",
    "linkIdentifier": "35785432",
    "text": "Temptations Indoor Care Chicken Flavor Crunchy and Soft Dry Cat Treats, 4.9 oz Pouch",
    "href": "/ip/Temptations-Indoor-Care-Chicken-Flavor-Crunchy-And-Soft-Dry-Cat-Treats-4-9-Oz-Pouch/35785432?classType=REGULAR&athbdg=L1103",
    "currentPrice": "current price $3.98",
    "pricePerOz": "81.2 ¢/oz",
    "pickup": "Pickup today",
    "delivery": "Delivery today",
    "shipping": "Shipping, arrives tomorrow"
  },
  {
    "ioId": "70TOKQMLFB2F",
    "linkIdentifier": "25176547",
    "text": "KONG Naturals Premium Catnip, 2 Oz",
    "href": "/ip/KONG-Naturals-Premium-Catnip-2-Oz/25176547?classType=REGULAR",
    "currentPrice": "current price $18.99",
    "pricePerOz": "N/A",
    "pickup": "Free shipping, arrives in 3+ days",
    "delivery": "N/A",
    "shipping": "N/A"
  },
  {
    "ioId": "2Y8K09YVYRIF",
    "linkIdentifier": "599228528",
    "text": "Hartz Delectables Squeeze Up Lickable Wet Cat Treats [Multiple Flavors & Sizes]",
    "href": "/ip/Hartz-Delectables-Squeeze-Up-Variety-Packs-Interactive-Lickable-Wet-Cat-Treats-20-Count/599228528?classType=REGULAR",
    "currentPrice": "current price $11.62",
    "pricePerOz": "$1.16/oz",
    "pickup": "Pickup today",
    "delivery": "Delivery today",
    "shipping": "Shipping, arrives tomorrow"
  },
  {
    "ioId": "578SSMBCTAK9",
    "linkIdentifier": "965949652",
    "text": "INABA Churu Bites, Soft Cat Treats, 0.35 oz Tube, 3 Tubes, Tuna with Salmon",
    "href": "/ip/INABA-Churu-Bites-Soft-Cat-Treats-0-35-oz-Tube-3-Tubes-Tuna-with-Salmon/965949652?classType=VARIANT",
    "currentPrice": "current price $3.76",
    "pricePerOz": "$3.42/oz",
    "pickup": "Shipping, arrives in 3+ days",
    "delivery": "N/A",
    "shipping": "N/A"
  },
  {
    "ioId": "7JLN7P7X17OJ",
    "linkIdentifier": "1263459474",
    "text": "BONKERS Cat Bites, Crunchy & Soft Catnip, Chick 'N' Cheddar Flavored Cat Treats, 3oz / 85g Bag",
    "href": "/ip/Bonkers-Crunchy-and-Soft-Cat-Treats-Catnip-Chick-N-Cheddar-Flavor-3oz/1263459474?classType=VARIANT",
    "currentPrice": "current price $2.95",
    "pricePerOz": "98.3 ¢/oz",
    "pickup": "Shipping, arrives in 3+ days",
    "delivery": "N/A",
    "shipping": "N/A"
  },
  {
    "ioId": "2GOQVOWJA78M",
    "linkIdentifier": "744413920",
    "text": "Rachael Ray Nutrish Soft Spots Dry Cat Treats, Salmon, 2.5 oz. Bag",
    "href": "/ip/Rachael-Ray-Nutrish-Soft-Spots-Cat-Treats-Salmon-2-5-oz-Bag/744413920?classType=VARIANT",
    "currentPrice": "current price $7.91",
    "pricePerOz": "$3.16/oz",
    "pickup": "Free shipping, arrives in 3+ days",
    "delivery": "N/A",
    "shipping": "N/A"
  },
  {
    "ioId": "7F0QUCU3BWAX",
    "linkIdentifier": "245419858",
    "text": "Purina Fancy Feast Savory Cravings, Soft Cat Treats, Chicken, 1 oz Box",
    "href": "/ip/Purina-Fancy-Feast-Savory-Cravings-Cat-Treats-Chicken-Flavor-1-oz-Box/245419858?classType=VARIANT",
    "currentPrice": "current price Now $7.90",
    "pricePerOz": "$9.00",
    "pickup": "Free shipping, arrives in 3+ days",
    "delivery": "N/A",
    "shipping": "N/A"
  },
  {
    "ioId": "21WXS8B85X30",
    "linkIdentifier": "449438600",
    "text": "Rachael Ray Nutrish Love Bites Dry Cat Treats, Chicken, 2.2 oz. Bag",
    "href": "/ip/Rachael-Ray-Nutrish-Love-Bites-Cat-Treats-Chicken-2-2-oz-Bag/449438600?classType=VARIANT",
    "currentPrice": "current price $4.99",
    "pricePerOz": "$2.27/oz",
    "pickup": "Shipping, arrives in 3+ days",
    "delivery": "N/A",
    "shipping": "N/A"
  },
  {
    "ioId": "2B06QSWSHVO4",
    "linkIdentifier": "5000131148",
    "text": "BONKERS Cat Bites, Crunchy & Soft Catnip, Chick 'N' Cheddar Flavored Cat Treats, 16oz / 450g Tub",
    "href": "/ip/Bonkers-Crunchy-and-Soft-Cat-Treats-Catnip-Chick-n-Cheddar-Flavor-16-oz/5000131148?classType=REGULAR",
    "currentPrice": "current price $7.98",
    "pricePerOz": "49.9 ¢/oz",
    "pickup": "Shipping, arrives tomorrow",
    "delivery": "N/A",
    "shipping": "N/A"
  },
  {
    "ioId": "587LTC0Y5T03",
    "linkIdentifier": "45065227",
    "text": "SmartyKat Catnip Mist 0.05 oz Cat Attractant Trial Size Spray",
    "href": "/ip/SmartyKat-Trial-Catnip-Mist-Cats/45065227?classType=REGULAR&athbdg=L1103",
    "currentPrice": "current price $1.88",
    "pricePerOz": "$3.76/fl oz",
    "pickup": "Pickup today",
    "delivery": "Delivery today",
    "shipping": "Shipping, arrives tomorrow"
  },
  {
    "ioId": "3079G66PP2DY",
    "linkIdentifier": "23984438",
    "text": "SmartyKat Catnip For Cats, Natural, Pure & Potent, Resealable Shaker Canister, 2 oz",
    "href": "/ip/SmartyKat-2-oz-Catnip-Shaker-Cats/23984438?classType=REGULAR&athbdg=L1103",
    "currentPrice": "current price Now $6.98",
    "pricePerOz": "$8.99",
    "pickup": "Pickup today",
    "delivery": "Delivery today",
    "shipping": "Shipping, arrives tomorrow"
  },
  {
    "ioId": "5O28GC0SDWDD",
    "linkIdentifier": "5000026160",
    "text": "BONKERS Cat Bites, Crunchy & Soft Seafood & Eat it! Flavored Cat Treats, 16oz / 450g Tub",
    "href": "/ip/Bonkers-Crunchy-and-Soft-Cat-Treats-Seafood-Eat-It-Flavor-16-oz/5000026160?classType=REGULAR&athbdg=L1102",
    "currentPrice": "current price $7.98",
    "pricePerOz": "49.9 ¢/oz",
    "pickup": "Shipping, arrives tomorrow",
    "delivery": "N/A",
    "shipping": "N/A"
  },
  {
    "ioId": "6HDL0VWR9929",
    "linkIdentifier": "22083668",
    "text": "Temptations Variety Pack Crunchy Dry Cat Treats, 12 Oz Pouch (4 Pack)",
    "href": "/ip/Temptations-Variety-4-Pack-Treats-for-Cats-3-oz-4-count-Cats/22083668?classType=REGULAR",
    "currentPrice": "current price $15.73",
    "pricePerOz": "$1.31/oz",
    "pickup": "Free shipping, arrives in 3+ days",
    "delivery": "N/A",
    "shipping": "N/A"
  },
  {
    "ioId": "5A7AGCHEVMR4",
    "linkIdentifier": "492612286",
    "text": "Special Kitty Crunchy & Creamy Cat Treats, Catnip Flavor, 2.1 oz",
    "href": "/ip/Special-Kitty-Crunchy-Creamy-Cat-Treats-Catnip-Flavor-2-1-oz/492612286?classType=REGULAR",
    "currentPrice": "current price $1.28",
    "pricePerOz": "61.0 ¢/oz",
    "pickup": "Shipping, arrives in 3+ days",
    "delivery": "N/A",
    "shipping": "N/A"
  },
  {
    "ioId": "3ZQVD12SO1KO",
    "linkIdentifier": "1042070983",
    "text": "Temptations Mixups, Crunchy and Soft Cat Treats, Catnip Fever Flavor, 16 oz. Tub",
    "href": "/ip/Temptations-Mixups-Crunchy-and-Soft-Cat-Treats-Catnip-Fever-Flavor-16-oz-Tub/1042070983?classType=REGULAR",
    "currentPrice": "current price $12.48",
    "pricePerOz": "N/A",
    "pickup": "Free shipping, arrives in 3+ days",
    "delivery": "N/A",
    "shipping": "N/A"
  },
  {
    "ioId": "2ODYJTSBJB02",
    "linkIdentifier": "191178175",
    "text": "Friskies Cat Treats, Party Mix Crunch Gravylicious Turkey & Gravy Flavors, 2.1 oz. Pouch",
    "href": "/ip/Friskies-Cat-Treats-Party-Mix-Crunch-Gravylicious-Turkey-Gravy-Flavors-2-1-oz-Pouch/191178175?classType=REGULAR",
    "currentPrice": "current price $7.92",
    "pricePerOz": "N/A",
    "pickup": "Free shipping, arrives in 3+ days",
    "delivery": "N/A",
    "shipping": "N/A"
  },
  {
    "ioId": "40ILEG4K0B7R",
    "linkIdentifier": "7200509663",
    "text": "INABA Churu Cat Treats, Lickable, Squeezable Creamy Pure with Vitamin E, 0.5 Ounces per Tube, 120 Tubes Total, Tuna Variety",
    "href": "/ip/INABA-Churu-Cat-Treats-Lickable-Squeezable-Creamy-Pur-e-with-Vitamin-E-0-5-Ounces-per-Tube-120-Tubes-Total-Tuna-Variety/7200509663?classType=REGULAR&athbdg=L1600",
    "currentPrice": "current price $64.99",
    "pricePerOz": "$1.08/oz",
    "pickup": "Free shipping, arrives tomorrow",
    "delivery": "N/A",
    "shipping": "N/A"
  },
  {
    "ioId": "16K9T754P3Q1",
    "linkIdentifier": "1695727239",
    "text": "Temptations Creamy Puree With Beef Liver, Salmon, Chicken, And Tuna Variety Pack Of Lickable WetCat Treats",
    "href": "/ip/Temptations-Creamy-Puree-With-Beef-Liver-Salmon-Chicken-And-Tuna-Variety-Pack-Of-Lickable-Cat-Treats/1695727239?classType=REGULAR",
    "currentPrice": "N/A",
    "pricePerOz": "N/A",
    "pickup": "Free shipping, arrives in 3+ days",
    "delivery": "N/A",
    "shipping": "N/A"
  },
  {
    "ioId": "2JTSRP1PY0VA",
    "linkIdentifier": "5000026167",
    "text": "BONKERS Cat Bites, Crunchy & Soft Paw Lickin' Chicken Flavored Cat Treats, 16oz / 450g Tub",
    "href": "/ip/Bonkers-Crunchy-and-Soft-Cat-Treats-Paw-Lickin-Chicken-Flavor-16-oz/5000026167?classType=REGULAR",
    "currentPrice": "current price $7.98",
    "pricePerOz": "49.9 ¢/oz",
    "pickup": "Shipping, arrives tomorrow",
    "delivery": "N/A",
    "shipping": "N/A"
  },
  {
    "ioId": "4LENP5DUVKWY",
    "linkIdentifier": "158579935",
    "text": "Minties Teeth Cleaner Dental Cat Treats, Chicken Flavored, 2.5 oz",
    "href": "/ip/Minties-Teeth-Cleaner-Dental-Cat-Treats-Chicken-Flavored-2-5-oz/158579935?classType=REGULAR",
    "currentPrice": "current price $2.49",
    "pricePerOz": "99.6 ¢/oz",
    "pickup": "Shipping, arrives tomorrow",
    "delivery": "N/A",
    "shipping": "N/A"
  },
  {
    "ioId": "64LBJHH3JJUW",
    "linkIdentifier": "23619970",
    "text": "Purina Friskies Cat Treats, Party Mix Meow Luau Crunch",
    "href": "/ip/Purina-Friskies-Cat-Treats-Party-Mix-Meow-Luau-Crunch/23619970?classType=REGULAR",
    "currentPrice": "current price Now $7.91",
    "pricePerOz": "$13.00",
    "pickup": "Free shipping, arrives in 3+ days",
    "delivery": "N/A",
    "shipping": "N/A"
  },
  {
    "ioId": "4M508TO75WAT",
    "linkIdentifier": "12381464131",
    "text": "HPDL 1x Cat Grass Snack for Indoor Cats Grass Chew Teeth Cleaner Hairball Removal Hot",
    "href": "/ip/HPDL-1x-Cat-Grass-Snack-for-Indoor-Cats-Grass-Chew-Teeth-Cleaner-Hairball-Removal-Hot/12381464131?classType=REGULAR",
    "currentPrice": "current price $5.98",
    "pricePerOz": "+$2.26 shipping",
    "pickup": "Shipping, arrives in 3+ days",
    "delivery": "N/A",
    "shipping": "N/A"
  },
  {
    "ioId": "55PTRQFEN68W",
    "linkIdentifier": "1853260676",
    "text": "Temptations Classic Crunchy and Soft Cat Treats, Tasty Chicken Flavor, 16 oz.",
    "href": "/ip/Temptations-Classic-Crunchy-and-Soft-Cat-Treats-Tasty-Chicken-Flavor-16-oz/1853260676?classType=REGULAR",
    "currentPrice": "current price $12.35",
    "pricePerOz": "N/A",
    "pickup": "Free shipping, arrives in 3+ days",
    "delivery": "N/A",
    "shipping": "N/A"
  },
  {
    "ioId": "27BTS5BDDLL8",
    "linkIdentifier": "128703700",
    "text": "Sheba Meaty Tender Sticks Tuna Flavor Cat Treats, 0.7 Oz (5 Treats)",
    "href": "/ip/Sheba-Meaty-Tender-Sticks-Tuna-Flavor-Cat-Treats-0-7-Oz-5-Treats/128703700?classType=REGULAR",
    "currentPrice": "current price Now $1.05",
    "pricePerOz": "$1.98",
    "pickup": "Shipping, arrives in 3+ days",
    "delivery": "N/A",
    "shipping": "N/A"
  },
  {
    "ioId": "1TB78PIT8X3Y",
    "linkIdentifier": "2659461438",
    "text": "TEMPTATIONS Classic Crunchy and Soft Cat Treats Tasty Chicken Flavor, 6.3 oz. Pouch",
    "href": "/ip/TEMPTATIONS-Classic-Crunchy-and-Soft-Cat-Treats-Tasty-Chicken-Flavor-6-3-oz-Pouch/2659461438?classType=REGULAR",
    "currentPrice": "current price $6.90",
    "pricePerOz": "N/A",
    "pickup": "Free shipping, arrives in 3+ days",
    "delivery": "N/A",
    "shipping": "N/A"
  },
  {
    "ioId": "3M6OT45Q4VR8",
    "linkIdentifier": "102325356",
    "text": "Minties Teeth Cleaner Dental Cat Treats, Salmon Flavored, 2.5 oz",
    "href": "/ip/Minties-Teeth-Cleaner-Dental-Cat-Treats-Salmon-Flavored-2-5-oz/102325356?classType=REGULAR",
    "currentPrice": "current price $2.49",
    "pricePerOz": "99.6 ¢/oz",
    "pickup": "Shipping, arrives tomorrow",
    "delivery": "N/A",
    "shipping": "N/A"
  },
  {
    "ioId": "3J4I7VU04TVA",
    "linkIdentifier": "1993817921",
    "text": "Sheba Meaty Tender Sticks Treats for Adult Cats, Salmon, Chicken and Tuna Flavor Variety Pack, 70-Count Pouches, 9.94Oz",
    "href": "/ip/Sheba-Meaty-Tender-Sticks-Treats-for-Adult-Cats-Salmon-Chicken-and-Tuna-Flavor-Variety-Pack-70-Count-Pouches-9-94Oz/1993817921?classType=REGULAR",
    "currentPrice": "current price $22.98",
    "pricePerOz": "N/A",
    "pickup": "Shipping, arrives in 2 days",
    "delivery": "N/A",
    "shipping": "N/A"
  },
  {
    "ioId": "1H5CTDGBQPNE",
    "linkIdentifier": "159479522",
    "text": "Purina Friskies Party Mix Natural Yums With Wild Tuna Crunchy, Natural Cat Treats",
    "href": "/ip/Purina-Friskies-Party-Mix-Natural-Yums-With-Wild-Tuna-Crunchy-Natural-Cat-Treats/159479522?classType=REGULAR",
    "currentPrice": "current price Now $7.92",
    "pricePerOz": "$13.48",
    "pickup": "Free shipping, arrives in 3+ days",
    "delivery": "N/A",
    "shipping": "N/A"
  },
  {
    "ioId": "57KT52JPRXAA",
    "linkIdentifier": "1458881103",
    "text": "Purina Friskies Cat Treats, Party Mix Beachside Crunch, 30 oz. Canister",
    "href": "/ip/Purina-Friskies-Cat-Treats-Party-Mix-Beachside-Crunch-30-oz-Canister/1458881103?classType=REGULAR",
    "currentPrice": "current price $29.97",
    "pricePerOz": "N/A",
    "pickup": "Free shipping, arrives in 3+ days",
    "delivery": "N/A",
    "shipping": "N/A"
  },
  {
    "ioId": "5JKSYJDT0FNP",
    "linkIdentifier": "813365272",
    "text": "INABA Churu Creamy, Lickable Wet Cat Treats, 0.5 oz, 50 Tubes, Tuna & Chicken Variety",
    "href": "/ip/INABA-Churu-Creamy-Lickable-Wet-Cat-Treats-0-5-oz-50-Tubes-Tuna-Chicken-Variety-Pet-Treat/813365272?classType=REGULAR&athbdg=L1103",
    "currentPrice": "current price $24.98",
    "pricePerOz": "99.9 ¢/oz",
    "pickup": "Shipping, arrives tomorrow",
    "delivery": "N/A",
    "shipping": "N/A"
  },
  {
    "ioId": "6IVFP2FHMF8G",
    "linkIdentifier": "48627574",
    "text": "Vet One Neat Treats Soft Chews For Cats, 4 oz",
    "href": "/ip/Vet-One-Neat-Treats-Soft-Chews-For-Cats-4-oz/48627574?classType=REGULAR",
    "currentPrice": "current price $9.99",
    "pricePerOz": "$2.50/ea",
    "pickup": "Free shipping, arrives in 3+ days",
    "delivery": "N/A",
    "shipping": "N/A"
  },
  {
    "ioId": "75W0S5BKM7J5",
    "linkIdentifier": "119521513",
    "text": "SmartyKat Catnip Caves Paper Bag Cat Toys, Scratch Activated Catnip Scent, 2 count",
    "href": "/ip/SmartyKat-Catnip-Caves/119521513?classType=REGULAR&athbdg=L1600",
    "currentPrice": "current price Now $2.88",
    "pricePerOz": "$10.00",
    "pickup": "Shipping, arrives tomorrow",
    "delivery": "N/A",
    "shipping": "N/A"
  },
  {
    "ioId": "4HIQH7I5KSXH",
    "linkIdentifier": "35953112",
    "text": "Friskies Natural Cat Treats, Party Mix Natural Yums With Real Salmon and Vitamins, Minerals & Nutrients, 2.1 oz. Pouch",
    "href": "/ip/Friskies-Natural-Cat-Treats-Party-Mix-Natural-Yums-With-Real-Salmon-and-Vitamins-Minerals-Nutrients-2-1-oz-Pouch/35953112?classType=REGULAR",
    "currentPrice": "current price Now $7.96",
    "pricePerOz": "$10.69",
    "pickup": "Free shipping, arrives in 3+ days",
    "delivery": "N/A",
    "shipping": "N/A"
  },
  {
    "ioId": "4NZF15DVHNH2",
    "linkIdentifier": "35328929",
    "text": "Blue Buffalo Wilderness Soft Cat Treats, Chicken & Trout Recipe, 2-oz. Bag",
    "href": "/ip/Blue-Buffalo-Wilderness-Chicken-Trout-Flavor-Soft-Treats-for-Cats-Grain-Free-2-oz-Bag/35328929?classType=REGULAR",
    "currentPrice": "current price $4.82",
    "pricePerOz": "$2.41/oz",
    "pickup": "Free shipping, arrives in 3+ days",
    "delivery": "N/A",
    "shipping": "N/A"
  },
  {
    "ioId": "4WCL47TK79ZK",
    "linkIdentifier": "482552808",
    "text": "TEMPTATIONS Tender Fills Grilled Salmon Flavor Soft Chew Treats for Adult Cats, 2.1 Oz Pouch",
    "href": "/ip/Temptations-Tender-Fills-Grilled-Salmon-Flavor-Soft-Chew-Treats-For-Adult-Cats-2-1-Oz-Pouch/482552808?classType=REGULAR",
    "currentPrice": "current price $3.50",
    "pricePerOz": "$1.67/oz",
    "pickup": "Shipping, arrives in 3+ days",
    "delivery": "N/A",
    "shipping": "N/A"
  },
  {
    "ioId": "47LN82XTVU9Y",
    "linkIdentifier": "17017918",
    "text": "Temptations Mix Ups Crunchy Treats for Adult Cats Dry Chicken, Liver, Beef Flavor 3 oz Plastic Pouch",
    "href": "/ip/Temptations-Mixups-Crunchy-And-Soft-Cat-Treats-Backyard-Cookout-Flavor-3-Oz-Pouch/17017918?classType=REGULAR",
    "currentPrice": "N/A",
    "pricePerOz": "N/A",
    "pickup": "Free shipping, arrives in 3+ days",
    "delivery": "N/A",
    "shipping": "N/A"
  },
  {
    "ioId": "7L0EDMBRWXK0",
    "linkIdentifier": "10776165486",
    "text": "Temptations TEMPTATIONS Classic Crunchy and Soft Cat Treats Seafood Medley Flavor, 30 oz. Tub",
    "href": "/ip/Temptations-TEMPTATIONS-Classic-Crunchy-and-Soft-Cat-Treats-Seafood-Medley-Flavor-30-oz-Tub/10776165486?classType=REGULAR",
    "currentPrice": "N/A",
    "pricePerOz": "N/A",
    "pickup": "Free shipping, arrives in 3+ days",
    "delivery": "N/A",
    "shipping": "N/A"
  },
  {
    "ioId": "0V09SXW8BFWG",
    "linkIdentifier": "689891715",
    "text": "Purina Fancy Feast Purely, Lickable Wet Cat Treats, Tuna, (5) 10 ct Pouches",
    "href": "/ip/Purina-Fancy-Feast-Purely-Natural-Hand-Flaked-Tuna-Cat-Treats-5-10-ct-Pouches/689891715?classType=REGULAR",
    "currentPrice": "current price $20.30",
    "pricePerOz": "$1.53/oz",
    "pickup": "Shipping, arrives tomorrow",
    "delivery": "N/A",
    "shipping": "N/A"
  },
  {
    "ioId": "3ICKJEQWT209",
    "linkIdentifier": "645879326",
    "text": "Purina Friskies Natural, Grain Free Senior Lickable Cat Food Toppers Lil Soups With Skipjack Tuna in a Velvety Tuna Broth, 1.2 oz Cup (8 Pack)",
    "href": "/ip/Purina-Friskies-Lil-Soups-Wet-Cat-Food-Tuna-in-Tuna-Broth-1-2-oz-Tubs-8-Pack/645879326?classType=REGULAR",
    "currentPrice": "current price $8.36",
    "pricePerOz": "87.1 ¢/oz",
    "pickup": "Shipping, arrives tomorrow",
    "delivery": "N/A",
    "shipping": "N/A"
  },
  {
    "ioId": "30Y1VREGPVA9",
    "linkIdentifier": "514390445",
    "text": "Greenies SmartBites Healthy Indoor Chicken Flavor Cat Treats 4.6 oz",
    "href": "/ip/Greenies-SmartBites-Healthy-Indoor-Chicken-Flavor-Cat-Treats-4-6-oz/514390445?classType=REGULAR",
    "currentPrice": "current price $20.00",
    "pricePerOz": "N/A",
    "pickup": "Free shipping, arrives in 3+ days",
    "delivery": "N/A",
    "shipping": "N/A"
  },
  {
    "ioId": "6UHFMUR606TH",
    "linkIdentifier": "285557797",
    "text": "Temptations Cat Treats 3 Flavor Variety Value Pack, 1 Pound (3 Pack)",
    "href": "/ip/Temptations-Cat-Treats-3-Flavor-Variety-Value-Pack-1-Pound-3-Pack/285557797?classType=REGULAR",
    "currentPrice": "current price $31.00",
    "pricePerOz": "N/A",
    "pickup": "Free shipping, arrives in 3+ days",
    "delivery": "N/A",
    "shipping": "N/A"
  },
  {
    "ioId": "1UZED1RWLTPF",
    "linkIdentifier": "400064967",
    "text": "Temptations Hairball Control Chicken Flavor Cat Treats, 4.9 oz.",
    "href": "/ip/Temptations-Hairball-Control-Chicken-Flavor-Cat-Treats-4-9-oz/400064967?classType=REGULAR",
    "currentPrice": "current price $6.60",
    "pricePerOz": "N/A",
    "pickup": "Free shipping, arrives in 3+ days",
    "delivery": "N/A",
    "shipping": "N/A"
  },
  {
    "ioId": "23K1COTAA38H",
    "linkIdentifier": "10321414",
    "text": "Temptations Classic Dry Treats for Adult Cats Hearty Beef Flavor, 3 oz., Shelf Stable, Plastic Pouch",
    "href": "/ip/Temptations-Hearty-Beef-Flavour-Treats-For-Cats-3-Oz-Cats/10321414?classType=REGULAR",
    "currentPrice": "current price $9.22",
    "pricePerOz": "$3.07/oz",
    "pickup": "Shipping, arrives in 2 days",
    "delivery": "N/A",
    "shipping": "N/A"
  },
  {
    "ioId": "0SMKFQ6VPFXU",
    "linkIdentifier": "112831848",
    "text": "Purina Fancy Feast Purely Natural Hand-Selected Chicken Cat Treats 1.06 oz. Pouch",
    "href": "/ip/Purina-Fancy-Feast-Purely-Natural-Hand-Selected-Chicken-Cat-Treats-1-06-oz-Pouch/112831848?classType=REGULAR",
    "currentPrice": "current price $28.62",
    "pricePerOz": "$26.02/oz",
    "pickup": "Free shipping, arrives in 3+ days",
    "delivery": "N/A",
    "shipping": "N/A"
  },
  {
    "ioId": "27Q1G87GNDJC",
    "linkIdentifier": "342463818",
    "text": "FELINE GREENIES Adult Natural Dental Care Cat Treats, Tempting Tuna Flavor, 2.1 oz. Pouch",
    "href": "/ip/Greenies-Feline-Adult-Cat-Dental-Treats-Tempting-Tuna-2-1-oz/342463818?classType=REGULAR",
    "currentPrice": "current price $6.49",
    "pricePerOz": "$3.09/oz",
    "pickup": "Shipping, arrives in 2 days",
    "delivery": "N/A",
    "shipping": "N/A"
  },
  {
    "ioId": "7KGX1WPJP3UU",
    "linkIdentifier": "483887403",
    "text": "Purina Friskies Party Mix - Morning Munch Crunch - Egg, Bacon, Cheese Flavors 2.1 Ounces Pack of 3",
    "href": "/ip/Purina-Friskies-Party-Mix-Morning-Munch-Crunch-Egg-Bacon-Cheese-Flavors-2-1-Ounces-Pack-of-3/483887403?classType=REGULAR",
    "currentPrice": "current price $19.57",
    "pricePerOz": "N/A",
    "pickup": "Free shipping, arrives in 3+ days",
    "delivery": "N/A",
    "shipping": "N/A"
  },
  {
    "ioId": "3K815O536Z00",
    "linkIdentifier": "439391261",
    "text": "Temptations Kitten Salmon And Dairy Flavor Crunchy And Soft Dry Treats For Kitten, 3 Oz Pouch",
    "href": "/ip/Temptations-Kitten-Salmon-And-Dairy-Flavor-Crunchy-And-Soft-Treats-For-Kitten-3-Oz-Pouch/439391261?classType=REGULAR",
    "currentPrice": "current price $7.41",
    "pricePerOz": "$2.47/oz",
    "pickup": "Shipping, arrives in 2 days",
    "delivery": "N/A",
    "shipping": "N/A"
  },
  {
    "ioId": "5YQ9LX9XJCO7",
    "linkIdentifier": "439449147",
    "text": "Temptations Kitten Chicken And Dairy Flavor Crunchy And Soft Treats For Kittens, 3 Oz Pouch",
    "href": "/ip/Temptations-Kitten-Chicken-And-Dairy-Flavor-Crunchy-And-Soft-Treats-For-Kittens-3-Oz-Pouch/439449147?classType=REGULAR",
    "currentPrice": "current price Now $5.30",
    "pricePerOz": "$11.19",
    "pickup": "Shipping, arrives in 3+ days",
    "delivery": "N/A",
    "shipping": "N/A"
  },
  {
    "ioId": "0VYEJAKK8OHS",
    "linkIdentifier": "35384757",
    "text": "Blue Buffalo Wilderness Natural Soft Cat Treats Made, Chicken & Turkey Recipe, 2-oz. Bag",
    "href": "/ip/Blue-Buffalo-Wilderness-Natural-Soft-Cat-Treats-Made-Chicken-Turkey-Recipe-2-oz-Bag/35384757?classType=REGULAR",
    "currentPrice": "current price $2.98",
    "pricePerOz": "$1.49/oz",
    "pickup": "Shipping, arrives tomorrow",
    "delivery": "N/A",
    "shipping": "N/A"
  },
  {
    "ioId": "6QO0PW86IMYV",
    "linkIdentifier": "1020923019",
    "text": "Temptations Mixups Crunchy and Soft Cat Treats Catnip Fever Flavor, 30 oz. Tub",
    "href": "/ip/Temptations-Mixups-Crunchy-and-Soft-Cat-Treats-Catnip-Fever-Flavor-30-oz-Tub/1020923019?classType=REGULAR",
    "currentPrice": "current price $21.20",
    "pricePerOz": "N/A",
    "pickup": "Free shipping, arrives in 3+ days",
    "delivery": "N/A",
    "shipping": "N/A"
  },
  {
    "ioId": "0S33HIFPPNGL",
    "linkIdentifier": "889174704",
    "text": "Friskies Cat Treats, Party Mix Lobster & Mac 'N' Cheese Flavors, 2.1 oz. Pouch",
    "href": "/ip/Friskies-Cat-Treats-Party-Mix-Lobster-Mac-N-Cheese-Flavors-2-1-oz-Pouch/889174704?classType=REGULAR",
    "currentPrice": "current price $7.91",
    "pricePerOz": "$3.77/oz",
    "pickup": "Free shipping, arrives in 3+ days",
    "delivery": "N/A",
    "shipping": "N/A"
  },
  {
    "ioId": "6G72WKT9IMX5",
    "linkIdentifier": "743960720",
    "text": "Blue Buffalo Bursts Crunchy & Creamy Cat Treats, Great for Training, Liver & Beef, 12-oz. Tub",
    "href": "/ip/Blue-Buffalo-Bursts-Chicken-Liver-Beef-Flavor-Crunchy-Treats-for-Cats-Whole-Grain-12-oz-Tub/743960720?classType=REGULAR",
    "currentPrice": "current price $8.98",
    "pricePerOz": "74.8 ¢/oz",
    "pickup": "Shipping, arrives tomorrow",
    "delivery": "N/A",
    "shipping": "N/A"
  },
  {
    "ioId": "6FP0NSAL6XWG",
    "linkIdentifier": "949729607",
    "text": "Temptations Classic Feline Favorites Variety Pack Crunchy and Soft Treats for Cats, 3 oz (6 Pack)",
    "href": "/ip/Temptations-Classic-Feline-Favorites-Variety-Pack-Crunchy-and-Soft-Treats-for-Cats-3-oz-6-Pack/949729607?classType=REGULAR",
    "currentPrice": "current price $15.48",
    "pricePerOz": "$5.16/oz",
    "pickup": "Shipping, arrives tomorrow",
    "delivery": "N/A",
    "shipping": "N/A"
  },
  {
    "ioId": "13OZ3OB0J6NK",
    "linkIdentifier": "2449355121",
    "text": "TEMPTATIONS Jumbo Stuff Crunchy and Soft Cat Treats, 14 oz. Tub",
    "href": "/ip/TEMPTATIONS-Jumbo-Stuff-Crunchy-and-Soft-Cat-Treats-14-oz-Tub/2449355121?classType=REGULAR",
    "currentPrice": "current price Now $8.49",
    "pricePerOz": "$11.07",
    "pickup": "Shipping, arrives in 3+ days",
    "delivery": "N/A",
    "shipping": "N/A"
  },
  {
    "ioId": "33YIMIOAM7D1",
    "linkIdentifier": "945414937",
    "text": "Temptations Meaty Bites Soft And Savory Tuna Flavor Cat Treats For Adult Cats, 4.12 Oz Pouch",
    "href": "/ip/Temptations-Meaty-Bites-Soft-And-Savory-Tuna-Flavor-Cat-Treats-For-Adult-Cats-4-12-Oz-Pouch/945414937?classType=REGULAR",
    "currentPrice": "current price $5.98",
    "pricePerOz": "$1.45/oz",
    "pickup": "Shipping, arrives tomorrow",
    "delivery": "N/A",
    "shipping": "N/A"
  },
  {
    "ioId": "6YDECZYPSD4W",
    "linkIdentifier": "569695432",
    "text": "Purina Fancy Feast Purely, Lickable Wet Cat Treats, Variety Pack, (5) 10 ct Pouches",
    "href": "/ip/Purina-Fancy-Feast-Purely-Naturals-Cat-Treats-Soft-Flakey-Variety-Pack-1-6oz-Pouches-5-Pack/569695432?classType=REGULAR",
    "currentPrice": "N/A",
    "pricePerOz": "N/A",
    "pickup": "Free shipping, arrives in 3+ days",
    "delivery": "N/A",
    "shipping": "N/A"
  },
  {
    "ioId": "50A439JAL3P5",
    "linkIdentifier": "3995934876",
    "text": "Purina Friskies Party Mix Ocean Whitefish Shrimp Crab Tuna Flavor for Cats, 20 oz",
    "href": "/ip/Purina-Friskies-Party-Mix-Ocean-Whitefish-Shrimp-Crab-Tuna-Flavor-for-Cats-20-oz/3995934876?classType=REGULAR",
    "currentPrice": "N/A",
    "pricePerOz": "N/A",
    "pickup": "Free shipping, arrives in 3+ days",
    "delivery": "N/A",
    "shipping": "N/A"
  },
  {
    "ioId": "4X7OFUCXDYV9",
    "linkIdentifier": "1465330865",
    "text": "Temptations Creamy Puree With Beef Liver Lickable, Squeezable Cat Treats, 16-Pack Of 12G Pouches",
    "href": "/ip/Temptations-Creamy-Puree-With-Beef-Liver-Lickable-Squeezable-Cat-Treats-16-Pack-Of-12G-Pouches/1465330865?classType=REGULAR",
    "currentPrice": "current price $10.39",
    "pricePerOz": "$1.55/oz",
    "pickup": "Shipping, arrives tomorrow",
    "delivery": "N/A",
    "shipping": "N/A"
  },
  {
    "ioId": "492F979HGPW2",
    "linkIdentifier": "1776364683",
    "text": "Pure Bites Chicken Breast Cat Treat, 2.3 oz",
    "href": "/ip/Pure-Bites-Chicken-Breast-Cat-Treat-2-3-oz/1776364683?classType=REGULAR",
    "currentPrice": "current price $16.27",
    "pricePerOz": "+$9.98 shipping",
    "pickup": "Shipping, arrives in 3+ days",
    "delivery": "N/A",
    "shipping": "N/A"
  },
  {
    "ioId": "6VAHJ2UH7H8K",
    "linkIdentifier": "1407781114",
    "text": "DELCT STW TNA SLM 12pk",
    "href": "/ip/Hartz-Delectables-Stew-Lickable-Wet-Cat-Treat-Tuna-Salmon-1-4oz-12-Pack/1407781114?classType=REGULAR",
    "currentPrice": "current price $13.22",
    "pricePerOz": "N/A",
    "pickup": "Shipping, arrives tomorrow",
    "delivery": "N/A",
    "shipping": "N/A"
  },
  {
    "ioId": "3KM7DO12D37K",
    "linkIdentifier": "14933504715",
    "text": "Purina Whisker Lickin's Cat Treats, Crunchy and Yummy Tuna Flavor - (Pack of 4) 10 oz. Pouches C45",
    "href": "/ip/Purina-Whisker-Lickin-s-Cat-Treats-Crunchy-and-Yummy-Tuna-Flavor-Pack-of-4-10-oz-Pouches-C45/14933504715?classType=REGULAR",
    "currentPrice": "N/A",
    "pricePerOz": "N/A",
    "pickup": "Free shipping, arrives in 3+ days",
    "delivery": "N/A",
    "shipping": "N/A"
  },
  {
    "ioId": "1T2I0YLF3V40",
    "linkIdentifier": "26140324",
    "text": "Ethical Pets Catnip Mice Cat Treat, 3.5\", 2 Ct",
    "href": "/ip/Ethical-Pets-Catnip-Mice-Cat-Treat-3-5-2-Ct/26140324?classType=REGULAR",
    "currentPrice": "current price $7.96",
    "pricePerOz": "$26.53/ea",
    "pickup": "Free shipping, arrives in 3+ days",
    "delivery": "N/A",
    "shipping": "N/A"
  },
  {
    "ioId": "69BJLZPY32M9",
    "linkIdentifier": "303537453",
    "text": "Purina Friskies Party Mix Natural Yums Adult Cat Treats, With Wild Shrimp",
    "href": "/ip/Purina-Friskies-Party-Mix-Natural-Yums-Adult-Cat-Treats-With-Wild-Shrimp/303537453?classType=REGULAR",
    "currentPrice": "current price $7.92",
    "pricePerOz": "N/A",
    "pickup": "Free shipping, arrives in 3+ days",
    "delivery": "N/A",
    "shipping": "N/A"
  },
  {
    "ioId": "72MXRCKTI1QB",
    "linkIdentifier": "2651399254",
    "text": "Purina Friskies Pureed Cat Food Toppers, Lil Shakes with Enticing Chicken Lickable Cat Treats, 1.55 oz Pouch (16 Pack)",
    "href": "/ip/Purina-Friskies-Lil-Shakes-With-Enticing-Chicken-Lickable-Puree-Cat-Food-Topper/2651399254?classType=REGULAR",
    "currentPrice": "current price $18.55",
    "pricePerOz": "74.8 ¢/oz",
    "pickup": "Shipping, arrives tomorrow",
    "delivery": "N/A",
    "shipping": "N/A"
  },
  {
    "ioId": "46VIK4NXIJQH",
    "linkIdentifier": "34211063",
    "text": "PureBites 100% USDA Freeze Dried Chicken Breast Cat Treat 1.09zo",
    "href": "/ip/PureBites-100-USDA-Freeze-Dried-Chicken-Breast-Cat-Treat-1-09zo/34211063?classType=REGULAR",
    "currentPrice": "current price $9.93",
    "pricePerOz": "89.5 ¢/ft",
    "pickup": "Shipping, arrives in 2 days",
    "delivery": "N/A",
    "shipping": "N/A"
  },
  {
    "ioId": "3IPMEVMM60TW",
    "linkIdentifier": "14855218781",
    "text": "Blue Buffalo Wilderness Crunchy Cat Treats, Made with Natural Ingredients, Tasty Salmon Flavor, 12-oz Tub",
    "href": "/ip/Blue-Buffalo-Wilderness-Crunchy-Cat-Treats-Made-with-Natural-Ingredients-Tasty-Salmon-Flavor-12-oz-Tub/14855218781?classType=REGULAR",
    "currentPrice": "N/A",
    "pricePerOz": "N/A",
    "pickup": "Free shipping, arrives in 3+ days",
    "delivery": "N/A",
    "shipping": "N/A"
  },
  {
    "ioId": "5JQ9JUXLQEGW",
    "linkIdentifier": "17252349",
    "text": "Purina Whisker Lickin's Cat Treats, Crunchy and Yummy Chicken and Seafood Flavors",
    "href": "/ip/Purina-Whisker-Lickin-s-Cat-Treats-Crunchy-and-Yummy-Chicken-and-Seafood-Flavors/17252349?classType=REGULAR",
    "currentPrice": "current price $10.67",
    "pricePerOz": "$1.67/oz",
    "pickup": "Shipping, arrives in 2 days",
    "delivery": "N/A",
    "shipping": "N/A"
  },
  {
    "ioId": "5RKR7083ISSD",
    "linkIdentifier": "14852411130",
    "text": "TEMPTATIONS Classic Crunchy and Soft Cat Treats Tasty Chicken Flavor, 48 Ounce (Pack of 1)",
    "href": "/ip/TEMPTATIONS-Classic-Crunchy-and-Soft-Cat-Treats-Tasty-Chicken-Flavor-48-Ounce-Pack-of-1/14852411130?classType=REGULAR",
    "currentPrice": "N/A",
    "pricePerOz": "N/A",
    "pickup": "Free shipping, arrives in 3+ days",
    "delivery": "N/A",
    "shipping": "N/A"
  },
  {
    "ioId": "32E0JB2W1G93",
    "linkIdentifier": "7775311713",
    "text": "TEMPTATIONS MIXUPS Crunchy and Soft Cat Treats Catnip Fever Flavor, 16 oz. Tub KK21 KK21",
    "href": "/ip/TEMPTATIONS-MIXUPS-Crunchy-and-Soft-Cat-Treats-Catnip-Fever-Flavor-16-oz-Tub-KK21-KK21/7775311713?classType=REGULAR",
    "currentPrice": "current price Now $8.48",
    "pricePerOz": "$11.06",
    "pickup": "Shipping, arrives in 3+ days",
    "delivery": "N/A",
    "shipping": "N/A"
  },
  {
    "ioId": "4Q145QIQTDCO",
    "linkIdentifier": "126189076",
    "text": "Purina Purely Fancy Feast Natural Hand Flaked Tuna Treats for Cats, 1.06 oz (5 Pack)",
    "href": "/ip/Purina-Purely-Fancy-Feast-Natural-Hand-Flaked-Tuna-Treats-for-Cats-1-06-oz-5-Pack/126189076?classType=REGULAR",
    "currentPrice": "N/A",
    "pricePerOz": "N/A",
    "pickup": "Free shipping, arrives in 3+ days",
    "delivery": "N/A",
    "shipping": "N/A"
  },
  {
    "ioId": "6V2OIDPQRR0L",
    "linkIdentifier": "147583793",
    "text": "Friskies Party Mix - Shrimp, Crab & Tuna - Beachside Crunch - 2.1Oz",
    "href": "/ip/Friskies-Party-Mix-Shrimp-Crab-Tuna-Beachside-Crunch-2-1Oz/147583793?classType=REGULAR",
    "currentPrice": "current price $9.91",
    "pricePerOz": "N/A",
    "pickup": "Free shipping, arrives in 3+ days",
    "delivery": "N/A",
    "shipping": "N/A"
  },
  {
    "ioId": "2BGQ3UHE9XN3",
    "linkIdentifier": "5070583043",
    "text": "Cafe Nara Chicken Cat Treats - 4-Pack, 0.5 oz Each",
    "href": "/ip/Cafe-Nara-Chicken-Cat-Treats-4-Pack-0-5-oz-Each/5070583043?classType=REGULAR",
    "currentPrice": "current price $4.49",
    "pricePerOz": "+$5.00 shipping",
    "pickup": "Shipping, arrives in 3+ days",
    "delivery": "N/A",
    "shipping": "N/A"
  },
  {
    "ioId": "4N3GM1ETEC9Y",
    "linkIdentifier": "270286648",
    "text": "9Lives Crunchy Chicken Turkey Cat Treat Dry Cat Treats , 2.1 Oz",
    "href": "/ip/9Lives-Crunchy-Chicken-Turkey-Cat-Treat-Dry-Cat-Treats-2-1-Oz/270286648?classType=REGULAR",
    "currentPrice": "current price $1.98",
    "pricePerOz": "94.3 ¢/oz",
    "pickup": "Shipping, arrives in 3+ days",
    "delivery": "N/A",
    "shipping": "N/A"
  },
  {
    "ioId": "5DY62582EN5X",
    "linkIdentifier": "644872562",
    "text": "Blue Buffalo Bursts Feline Chicken Liver and Beef Flavour Cat Treats, 2 oz.",
    "href": "/ip/Blue-Buffalo-Bursts-Feline-Chicken-Liver-and-Beef-Flavour-Cat-Treats-2-oz/644872562?classType=REGULAR",
    "currentPrice": "current price $5.83",
    "pricePerOz": "N/A",
    "pickup": "Free shipping, arrives in 3+ days",
    "delivery": "N/A",
    "shipping": "N/A"
  },
  {
    "ioId": "3INKXSMAORRO",
    "linkIdentifier": "14922967756",
    "text": "Rachael Ray Nutrish Love Bites Cat Treats, Chicken, 30 Ounces C45",
    "href": "/ip/Rachael-Ray-Nutrish-Love-Bites-Cat-Treats-Chicken-30-Ounces-C45/14922967756?classType=REGULAR",
    "currentPrice": "N/A",
    "pricePerOz": "N/A",
    "pickup": "Free shipping, arrives in 3+ days",
    "delivery": "N/A",
    "shipping": "N/A"
  },
  {
    "ioId": "2IUKRVZB8TX1",
    "linkIdentifier": "448968927",
    "text": "INABA Premium Hand-Cut Grilled Tuna Fillet Cat Treats w Vitamin E, 0.52 oz, 6-Pack, Tuna Broth",
    "href": "/ip/INABA-Premium-Hand-Cut-Grilled-Tuna-Fillet-Cat-Treats-w-Vitamin-E-0-52-oz-6-Pack-Tuna-Broth/448968927?classType=REGULAR",
    "currentPrice": "current price $11.56",
    "pricePerOz": "$22.23/ea",
    "pickup": "Shipping, arrives tomorrow",
    "delivery": "N/A",
    "shipping": "N/A"
  },
  {
    "ioId": "2J0KRZ3JIZIV",
    "linkIdentifier": "2261994538",
    "text": "TEMPTATIONS MIXUPS Crunchy and Soft Cat Treats Catnip Fever Flavor, 16 oz. Tub ( 2 PACK )",
    "href": "/ip/TEMPTATIONS-MIXUPS-Crunchy-and-Soft-Cat-Treats-Catnip-Fever-Flavor-16-oz-Tub-2-PACK/2261994538?classType=REGULAR",
    "currentPrice": "current price $24.90",
    "pricePerOz": "N/A",
    "pickup": "Free shipping, arrives in 3+ days",
    "delivery": "N/A",
    "shipping": "N/A"
  },
  {
    "ioId": "6K52TFMHL6RQ",
    "linkIdentifier": "5557733267",
    "text": "Temptations Mixups Cat Treats Catnip Fever Flavor, (10) 6.3 Oz. Pouches",
    "href": "/ip/Temptations-Mixups-Cat-Treats-Catnip-Fever-Flavor-10-6-3-Oz-Pouches/5557733267?classType=REGULAR",
    "currentPrice": "current price $10.91",
    "pricePerOz": "+$3.99 shipping",
    "pickup": "Shipping, arrives in 3+ days",
    "delivery": "N/A",
    "shipping": "N/A"
  },
  {
    "ioId": "2KBY9YIHSGXA",
    "linkIdentifier": "829894823",
    "text": "Purina Fancy Feast Broths Kitten Food, Wet Cat Food, Creamy Collection, 1.4 oz Tubs (12 Pack)",
    "href": "/ip/12-Pack-Fancy-Feast-Grain-Free-Wet-Cat-Food-Variety-Pack-Broths-Creamy-Collection-1-4-oz-Pouches/829894823?classType=REGULAR",
    "currentPrice": "current price $18.95",
    "pricePerOz": "$8.31/lb",
    "pickup": "Shipping, arrives tomorrow",
    "delivery": "N/A",
    "shipping": "N/A"
  },
  {
    "ioId": "5C0EYJHN9VDW",
    "linkIdentifier": "9044008039",
    "text": "Temptations Classic Crunchy and OIF8Soft Cat Treats Shrimpy Shrimp Flavor, 16 oz. Tub",
    "href": "/ip/Temptations-Classic-Crunchy-and-OIF8-nbsp-Soft-Cat-Treats-Shrimpy-Shrimp-Flavor-16-oz-Tub/9044008039?classType=REGULAR",
    "currentPrice": "N/A",
    "pricePerOz": "N/A",
    "pickup": "Free shipping, arrives in 3+ days",
    "delivery": "N/A",
    "shipping": "N/A"
  },
  {
    "ioId": "7AGYAQZC7J8L",
    "linkIdentifier": "397347724",
    "text": "INABA Churu Lickable Wet Cat Treat Holiday Pack, 0.5 oz, 20 Tubes, Tuna & Chicken",
    "href": "/ip/INABA-Churu-Lickable-Wet-Cat-Treat-Holiday-Pack-0-5-oz-20-Tubes-Tuna-Chicken/397347724?classType=REGULAR",
    "currentPrice": "N/A",
    "pricePerOz": "N/A",
    "pickup": "Free shipping, arrives in 3+ days",
    "delivery": "N/A",
    "shipping": "N/A"
  },
  {
    "ioId": "2OVVKCSNDKZ4",
    "linkIdentifier": "34200633",
    "text": "Greenies Tempting Tuna Flavor Dental Cat Treats, 2.5 Oz",
    "href": "/ip/Feline-Greenies-Dental-Natural-Cat-Treats-Tempting-Tuna-Flavor-2-5-oz-Pouch/34200633?classType=REGULAR",
    "currentPrice": "current price $13.99",
    "pricePerOz": "$5.60/oz",
    "pickup": "Free shipping, arrives in 3+ days",
    "delivery": "N/A",
    "shipping": "N/A"
  },
  {
    "ioId": "1708AUGON9OA",
    "linkIdentifier": "10347361338",
    "text": "Bonkers Freeze Dried Purr Pops Cat Treat Variety Pack (Salmon, Tuna, Chicken)",
    "href": "/ip/Bonkers-Freeze-Dried-Purr-Pops-Cat-Treat-Variety-Pack-Salmon-Tuna-Chicken/10347361338?classType=REGULAR",
    "currentPrice": "current price $14.99",
    "pricePerOz": "N/A",
    "pickup": "Free shipping, arrives in 3+ days",
    "delivery": "N/A",
    "shipping": "N/A"
  },
  {
    "ioId": "1649ZKTC7CRS",
    "linkIdentifier": "2850360944",
    "text": "Temptations Birthday Classic Crunchy and Soft Cat Treats, Lobster and Beef Flavor Treat Pet Food Great Snack for Adult Cats, 6.3oz Resealable Pouch - Pack of 2",
    "href": "/ip/Temptations-Birthday-Classic-Crunchy-Soft-Cat-Treats-Lobster-Beef-Flavor-Treat-Pet-Food-Great-Snack-Adult-Cats-6-3oz-Resealable-Pouch-Pack-2/2850360944?classType=REGULAR",
    "currentPrice": "current price Now $10.00",
    "pricePerOz": "$11.62",
    "pickup": "Free shipping, arrives in 3+ days",
    "delivery": "N/A",
    "shipping": "N/A"
  },
  {
    "ioId": "635OILS5O3WH",
    "linkIdentifier": "149651998",
    "text": "Friskies Party Mix Crunch Treats California Crunch 2.1 oz",
    "href": "/ip/Friskies-Party-Mix-Crunch-Treats-California-Crunch-2-1-oz/149651998?classType=REGULAR",
    "currentPrice": "current price $14.74",
    "pricePerOz": "N/A",
    "pickup": "Free shipping, arrives in 3+ days",
    "delivery": "N/A",
    "shipping": "N/A"
  },
  {
    "ioId": "5HTRCH4J9G04",
    "linkIdentifier": "14284794",
    "text": "SmartyKat Catnip Mist Pure & Potent Catnip-Infused Liquid Catnip Spray for Cats, 7 oz",
    "href": "/ip/Smartykat-Catnipmist-Catnip-Infused-Spray-7-Oz-Cats/14284794?classType=REGULAR",
    "currentPrice": "N/A",
    "pricePerOz": "N/A",
    "pickup": "Free shipping, arrives in 3+ days",
    "delivery": "N/A",
    "shipping": "N/A"
  },
  {
    "ioId": "557N6CN3HEQO",
    "linkIdentifier": "10804639",
    "text": "SmartyKat Madcap Mania Mouse, Soft Plush Catnip Cat Toy with String Tail, with Pure & Potent Catnip, Refillable & Durable",
    "href": "/ip/Smarty-Kat-Certified-Organic-Catnip-And-Dispensing-Tube-Toy-1-Ct-Cats/10804639?classType=REGULAR",
    "currentPrice": "N/A",
    "pricePerOz": "N/A",
    "pickup": "Free shipping, arrives in 2 days",
    "delivery": "N/A",
    "shipping": "N/A"
  },
  {
    "ioId": "29MBVXWQBNFK",
    "linkIdentifier": "5000026175",
    "text": "Blue Buffalo Tastefuls Pures Chicken & Tuna Variety Pack, 3-oz. (12 Pouches, 6 of Each)",
    "href": "/ip/Blue-Buffalo-Tastefuls-Adult-Cat-Natural-Pur-es-Variety-Pack-Chicken-Tuna-3-oz-Resealable-Twist-Cap-Pouches-12-Count/5000026175?classType=REGULAR",
    "currentPrice": "current price $24.54",
    "pricePerOz": "$8.18/oz",
    "pickup": "N/A",
    "delivery": "N/A",
    "shipping": "N/A"
  },
  {
    "ioId": "4O6HJF9DRAVQ",
    "linkIdentifier": "327519337",
    "text": "Temptations Classic Cat Treats Seafood Medley Flavor, Value Size 16 Oz. Tub",
    "href": "/ip/Temptations-Classic-Cat-Treats-Seafood-Medley-Flavor-Value-Size-16-Oz-Tub/327519337?classType=REGULAR",
    "currentPrice": "N/A",
    "pricePerOz": "N/A",
    "pickup": "Free shipping, arrives in 3+ days",
    "delivery": "N/A",
    "shipping": "N/A"
  },
  {
    "ioId": "44X0YWSC9M12",
    "linkIdentifier": "14936362077",
    "text": "Rachael Ray Nutrish Soft Spots Cat Treats, Tuna, 2.5 Ounce (Pack of 12) C45",
    "href": "/ip/Rachael-Ray-Nutrish-Soft-Spots-Cat-Treats-Tuna-2-5-Ounce-Pack-of-12-C45/14936362077?classType=REGULAR",
    "currentPrice": "current price $38.45",
    "pricePerOz": "+$6.99 shipping",
    "pickup": "Shipping, arrives in 3+ days",
    "delivery": "N/A",
    "shipping": "N/A"
  },
  {
    "ioId": "45EMVQO5U1A8",
    "linkIdentifier": "35953111",
    "text": "Friskies Natural Cat Treats, Party Mix Natural Yums With Real Chicken & Vitamins, Minerals & Nutrients, 2.1 oz. Pouch",
    "href": "/ip/Friskies-Natural-Cat-Treats-Party-Mix-Natural-Yums-With-Real-Chicken-Vitamins-Minerals-Nutrients-2-1-oz-Pouch/35953111?classType=REGULAR",
    "currentPrice": "current price $7.92",
    "pricePerOz": "$3.77/oz",
    "pickup": "Free shipping, arrives in 3+ days",
    "delivery": "N/A",
    "shipping": "N/A"
  },
  {
    "ioId": "1I9PN3M9WRBN",
    "linkIdentifier": "12965468733",
    "text": "FELINE GREENIES SMARTBITES Skin & Fur Crunchy and Soft Natural Cat Treats, Salmon Flavor, 4.6 oz. Pack",
    "href": "/ip/FELINE-GREENIES-SMARTBITES-Skin-Fur-Crunchy-and-Soft-Natural-Cat-Treats-Salmon-Flavor-4-6-oz-Pack/12965468733?classType=REGULAR",
    "currentPrice": "current price $4.68",
    "pricePerOz": "+$9.99 shipping",
    "pickup": "Shipping, arrives in 3+ days",
    "delivery": "N/A",
    "shipping": "N/A"
  },
  {
    "ioId": "2FAUFK6K1LSZ",
    "linkIdentifier": "855684818",
    "text": "Hartz Delectables Lickable Bisque Wet Cat Treats, 12 count Variety Pack, 16.8 oz.",
    "href": "/ip/Hartz-Delectables-Lickable-Bisque-Wet-Cat-Treats-12-count-Variety-Pack-16-8-oz/855684818?classType=REGULAR",
    "currentPrice": "current price $21.10",
    "pricePerOz": "N/A",
    "pickup": "Free shipping, arrives in 3+ days",
    "delivery": "N/A",
    "shipping": "N/A"
  },
  {
    "ioId": "2BNVUSIWBNP2",
    "linkIdentifier": "12372068538",
    "text": "Temptations MixUps Crunchy and Soft Cat Treats Surfer's Delight Flavor, 16 oz. Tub",
    "href": "/ip/Temptations-MixUps-Crunchy-and-Soft-Cat-Treats-Surfer-s-Delight-Flavor-16-oz-Tub/12372068538?classType=REGULAR",
    "currentPrice": "N/A",
    "pricePerOz": "N/A",
    "pickup": "Free shipping, arrives in 3+ days",
    "delivery": "N/A",
    "shipping": "N/A"
  },
  {
    "ioId": "4MB7EB0IQCV5",
    "linkIdentifier": "14955656524",
    "text": "Meowijuana | Crunchie Munchie Catnip Treats Bundle | 2 Chicken and 1 Seafood Medley | Made with Organic Catnip | Produced in The USA | Feline and Cat Lover Approved C45",
    "href": "/ip/Meowijuana-Crunchie-Munchie-Catnip-Treats-Bundle-2-Chicken-1-Seafood-Medley-Made-Organic-Produced-The-USA-Feline-Cat-Lover-Approved-C45/14955656524?classType=REGULAR",
    "currentPrice": "current price $23.38",
    "pricePerOz": "+$6.99 shipping",
    "pickup": "Shipping, arrives in 3+ days",
    "delivery": "N/A",
    "shipping": "N/A"
  },
  {
    "ioId": "4UCJ9S4C14GK",
    "linkIdentifier": "2229956444",
    "text": "Temptations Classic Crunchy & Soft Cat Treats Blissful Enticing Trouts Flavor for Feline Pet Snacks Meal Food Topper Training Playing Reward Healthy Treat Control Tartar 3oz Resealable Pouch Pack of 2",
    "href": "/ip/Temptations-Classic-Crunchy-Soft-Cat-Treats-Blissful-Enticing-Trouts-Flavor-Feline-Pet-Snacks-Meal-Food-Topper-Training-Playing-Reward-Healthy-Treat/2229956444?classType=REGULAR",
    "currentPrice": "current price $17.36",
    "pricePerOz": "N/A",
    "pickup": "Free shipping, arrives in 3+ days",
    "delivery": "N/A",
    "shipping": "N/A"
  },
  {
    "ioId": "0X8ZFSGLXLVA",
    "linkIdentifier": "476193662",
    "text": "INABA Premium Hand-Cut Grilled Tuna Fillet Cat Treats w Vitamin E, 0.52 oz, 6-Pack, Xtr Tender Tuna",
    "href": "/ip/INABA-Premium-Hand-Cut-Grilled-Tuna-Fillet-Cat-Treats-w-Vitamin-E-0-52-oz-6-Pack-Xtr-Tender-Tuna/476193662?classType=REGULAR",
    "currentPrice": "current price $11.24",
    "pricePerOz": "$21.62/ea",
    "pickup": "Shipping, arrives tomorrow",
    "delivery": "N/A",
    "shipping": "N/A"
  },
  {
    "ioId": "6AQXW5ZKPGRT",
    "linkIdentifier": "192076261",
    "text": "Purina Fancy Feast Purely, Lickable Wet Cat Treats, Variety Pack, (5) 10 ct Pouches",
    "href": "/ip/Purina-Fancy-Feast-Purely-Lickable-Wet-Cat-Treats-Variety-Pack-5-10-ct-Pouches/192076261?classType=REGULAR",
    "currentPrice": "current price $29.00",
    "pricePerOz": "$27.36/oz",
    "pickup": "Free shipping, arrives in 3+ days",
    "delivery": "N/A",
    "shipping": "N/A"
  },
  {
    "ioId": "17ZTR5FXNV09",
    "linkIdentifier": "195351994",
    "text": "Purina Fancy Feast Purely Natural Hand-Flaked Salmon Cat Treats 1.06 oz. Pouch",
    "href": "/ip/Purina-Purely-Fancy-Feast-Natural-Hand-Flaked-Salmon-Treats-for-Cats-1-06-oz/195351994?classType=REGULAR",
    "currentPrice": "current price $9.99",
    "pricePerOz": "$9.43/oz",
    "pickup": "Free shipping, arrives in 3+ days",
    "delivery": "N/A",
    "shipping": "N/A"
  },
  {
    "ioId": "1LI4W1A9ISBK",
    "linkIdentifier": "14584773673",
    "text": "Temptations MixUps Crunchy and OIF8Soft Cat Treats Surfer's Delight Flavor, 16 oz. Tub",
    "href": "/ip/Temptations-MixUps-Crunchy-and-OIF8-nbsp-Soft-Cat-Treats-Surfer-s-Delight-Flavor-16-oz-Tub/14584773673?classType=REGULAR",
    "currentPrice": "N/A",
    "pricePerOz": "N/A",
    "pickup": "Free shipping, arrives in 2 days",
    "delivery": "N/A",
    "shipping": "N/A"
  },
  {
    "ioId": "2XKUX7FFC1EH",
    "linkIdentifier": "529564767",
    "text": "Friskies Cat Treats, Party Mix California Crunch With Chicken - (6) 6 oz. Pouches",
    "href": "/ip/Purina-Friskies-Cat-Treats-Party-Mix-California-Crunch-With-Chicken/529564767?classType=REGULAR",
    "currentPrice": "current price $19.68",
    "pricePerOz": "$3.28/oz",
    "pickup": "Shipping, arrives tomorrow",
    "delivery": "N/A",
    "shipping": "N/A"
  },
  {
    "ioId": "3MDHT4G5N7IA",
    "linkIdentifier": "407750568",
    "text": "The Cat Ladies Organic Pet Cat Grass Kit - BPA-Free Pots, Locally Sourced Seed, 3-Pack",
    "href": "/ip/The-Cat-Ladies-Cat-Grass-Kit-Organic-Seed-BPA-Free-Pots-Locally-Sourced-3-Pack/407750568?classType=REGULAR",
    "currentPrice": "current price $14.90",
    "pricePerOz": "N/A",
    "pickup": "Shipping, arrives in 2 days",
    "delivery": "N/A",
    "shipping": "N/A"
  },
  {
    "ioId": "1UR9HBQSZL5S",
    "linkIdentifier": "8511109522",
    "text": "Cat Grass Teeth Grinding Sticks CatgrassTeething Stick Freeze-dried FAST O2O7",
    "href": "/ip/Cat-Grass-Teeth-Grinding-Sticks-CatgrassTeething-Stick-Freeze-dried-FAST-O2O7/8511109522?classType=REGULAR&athbdg=L1400",
    "currentPrice": "current price Now $1.59",
    "pricePerOz": "$4.94",
    "pickup": "Shipping, arrives in 3+ days",
    "delivery": "N/A",
    "shipping": "N/A"
  },
  {
    "ioId": "6WXALXVHC6O9",
    "linkIdentifier": "162317439",
    "text": "Friskies Cat Treats Beachside Party Mix (Pack of 4)",
    "href": "/ip/Cat-Treats-Beachside-Party-Mix-Pack-of-4/162317439?classType=REGULAR",
    "currentPrice": "current price $18.96",
    "pricePerOz": "N/A",
    "pickup": "Free shipping, arrives in 3+ days",
    "delivery": "N/A",
    "shipping": "N/A"
  },
  {
    "ioId": "32VRPUETHQ0K",
    "linkIdentifier": "13607764140",
    "text": "TEMPTATIONS ShakeUps Crunchy and Soft Cat Treats, Clucky Carnival Flavor, 5.29 oz. Pouch",
    "href": "/ip/TEMPTATIONS-ShakeUps-Crunchy-and-Soft-Cat-Treats-Clucky-Carnival-Flavor-5-29-oz-Pouch/13607764140?classType=REGULAR",
    "currentPrice": "N/A",
    "pricePerOz": "N/A",
    "pickup": "Free shipping, arrives in 3+ days",
    "delivery": "N/A",
    "shipping": "N/A"
  },
  {
    "ioId": "4QH40LXEPYRT",
    "linkIdentifier": "557214758",
    "text": "Friskies Party Mix - Wild West Crunch - 2.1 Oz",
    "href": "/ip/Friskies-Party-Mix-Wild-West-Crunch-2-1-Oz/557214758?classType=REGULAR",
    "currentPrice": "current price $8.69",
    "pricePerOz": "N/A",
    "pickup": "Free shipping, arrives in 3+ days",
    "delivery": "N/A",
    "shipping": "N/A"
  },
  {
    "ioId": "4JJGSEMIH4HF",
    "linkIdentifier": "3302255480",
    "text": "Icelandic+ Capelin Whole Fish & Pieces Cat Treat 1.5-oz Bag",
    "href": "/ip/Icelandic-Capelin-Whole-Fish-Pieces-Cat-Treat-1-5-oz-Bag/3302255480?classType=REGULAR",
    "currentPrice": "current price $10.54",
    "pricePerOz": "N/A",
    "pickup": "Shipping, arrives in 3+ days",
    "delivery": "N/A",
    "shipping": "N/A"
  },
  {
    "ioId": "719T98FU203K",
    "linkIdentifier": "7499721454",
    "text": "Cat Grass Teething Sticks for Hairball Control, Dental Care, Stress Relief, and Chicken Flavor, Natural Cat Dental Treat for Indoor Cat",
    "href": "/ip/Cat-Grass-Teething-Sticks-for-Hairball-Removal-Dental-Care-Stress-Relief-and-Chicken-Flavor-Natural-Cat-Dental-Treat-for-Indoor-Cat/7499721454?classType=REGULAR",
    "currentPrice": "current price $16.99",
    "pricePerOz": "N/A",
    "pickup": "Free shipping, arrives in 3+ days",
    "delivery": "N/A",
    "shipping": "N/A"
  },
  {
    "ioId": "6QJIGY64Y153",
    "linkIdentifier": "47653697",
    "text": "Catnip Garden Cup - 1.5oz.",
    "href": "/ip/Catnip-Garden-Cup-1-5oz/47653697?classType=REGULAR",
    "currentPrice": "current price $8.36",
    "pricePerOz": "N/A",
    "pickup": "Shipping, arrives tomorrow",
    "delivery": "N/A",
    "shipping": "N/A"
  },
  {
    "ioId": "5UNGL55RFK85",
    "linkIdentifier": "388005068",
    "text": "Delectables Lickable Stew Treats Senior 12 Pack Variety, Chicken Tuna Whitefish",
    "href": "/ip/Delectables-Lickable-Stew-Treats-Senior-12-Pack-Variety-Chicken-Tuna-Whitefish/388005068?classType=REGULAR&athbdg=L1600",
    "currentPrice": "current price $22.00",
    "pricePerOz": "N/A",
    "pickup": "Free shipping, arrives in 3+ days",
    "delivery": "N/A",
    "shipping": "N/A"
  },
  {
    "ioId": "2CD8DM8Z242P",
    "linkIdentifier": "207072243",
    "text": "Blue Buffalo Bursts Crunchy & Creamy Cat Treats, Paw-Lickin' Chicken, 12-oz. Tub",
    "href": "/ip/Blue-Buffalo-Bursts-Crunchy-Creamy-Cat-Treats-Paw-Lickin-Chicken-12-oz-Tub/207072243?classType=REGULAR&athbdg=L1103",
    "currentPrice": "current price $8.98",
    "pricePerOz": "74.8 ¢/oz",
    "pickup": "Shipping, arrives tomorrow",
    "delivery": "N/A",
    "shipping": "N/A"
  },
  {
    "ioId": "0SBZP554FO0X",
    "linkIdentifier": "233877997",
    "text": "Bundle and Save! Meow Mix Irresistables Cat Treats - Soft with White meat Chicken & Salmon, 2 12-Ounce Bag",
    "href": "/ip/Bundle-and-Save-Meow-Mix-Irresistables-Cat-Treats-Soft-with-White-meat-Chicken-amp-Salmon-2-12-Ounce-Bag/233877997?classType=REGULAR",
    "currentPrice": "current price Now $10.46",
    "pricePerOz": "$12.24",
    "pickup": "Shipping, arrives tomorrow",
    "delivery": "N/A",
    "shipping": "N/A"
  },
  {
    "ioId": "5YQL210GPJIH",
    "linkIdentifier": "152449361",
    "text": "1.3 oz PureBites Chicken Breast and Catnip Freeze Dried Cat Treats",
    "href": "/ip/1-3-oz-PureBites-Chicken-Breast-and-Catnip-Freeze-Dried-Cat-Treats/152449361?classType=REGULAR",
    "currentPrice": "current price $10.46",
    "pricePerOz": "N/A",
    "pickup": "Shipping, arrives in 2 days",
    "delivery": "N/A",
    "shipping": "N/A"
  },
  {
    "ioId": "5QND2WW8Y3GN",
    "linkIdentifier": "1721311276",
    "text": "Purina (5 Pack) Cat Treats, Party Mix Variety Pack , 5 - (2.1 oz.) Pouches",
    "href": "/ip/Friskies-5-Pack-Cat-Treats-Party-Mix-Variety-Pack-5-2-1-oz-Pouches/1721311276?classType=REGULAR",
    "currentPrice": "current price $23.98",
    "pricePerOz": "N/A",
    "pickup": "Free shipping, arrives in 3+ days",
    "delivery": "N/A",
    "shipping": "N/A"
  },
  {
    "ioId": "7KFT16OBZDF6",
    "linkIdentifier": "5362022665",
    "text": "Friskies Cat Treats, Party Mix Mixed Grill Crunch, 2.1 oz. Pouch - Pack of 2",
    "href": "/ip/Friskies-Cat-Treats-Party-Mix-Mixed-Grill-Crunch-2-1-oz-Pouch-Pack-of-2/5362022665?classType=REGULAR",
    "currentPrice": "current price $12.95",
    "pricePerOz": "N/A",
    "pickup": "Shipping, arrives in 2 days",
    "delivery": "N/A",
    "shipping": "N/A"
  },
  {
    "ioId": "1M29XWYK21FD",
    "linkIdentifier": "635945729",
    "text": "Vibrant Life Catnip Blends Collection, 0.5 oz, 3 Pack, Variety",
    "href": "/ip/Vibrant-Life-Catnip-Blends-Collection-0-5oz-3-Pack-Variety/635945729?classType=REGULAR",
    "currentPrice": "current price $6.97",
    "pricePerOz": "$2.32/oz",
    "pickup": "Pickup today",
    "delivery": "Delivery today",
    "shipping": "Shipping, arrives tomorrow"
  },
  {
    "ioId": "6EBIAWI91PMP",
    "linkIdentifier": "1816920168",
    "text": "20 oz Party Mix Beachside Crunch Cat Treats",
    "href": "/ip/20-oz-Party-Mix-Beachside-Crunch-Cat-Treats/1816920168?classType=REGULAR",
    "currentPrice": "current price Now $15.42",
    "pricePerOz": "$22.70",
    "pickup": "Free shipping, arrives in 3+ days",
    "delivery": "N/A",
    "shipping": "N/A"
  },
  {
    "ioId": "7DXW32FWN3QP",
    "linkIdentifier": "637318292",
    "text": "Purina Friskies Party Mix Natural Yums Cat Treats, Tuna, (6) 6 oz Bags",
    "href": "/ip/Purina-Friskies-Party-Mix-Tuna-Flavor-for-Cats-6-oz-Pouches-6-Pack/637318292?classType=REGULAR",
    "currentPrice": "current price $23.32",
    "pricePerOz": "64.8 ¢/oz",
    "pickup": "Shipping, arrives tomorrow",
    "delivery": "N/A",
    "shipping": "N/A"
  },
  {
    "ioId": "2XQIABWZ1ISP",
    "linkIdentifier": "241979520",
    "text": "Purina DentaLife Made in USA Facilities Cat Dental Treats, Savory Salmon Flavor - 19 oz. Bag",
    "href": "/ip/Purina-DentaLife-Made-in-USA-Facilities-Cat-Dental-Treats-Savory-Salmon-Flavor-19-oz-Bag/241979520?classType=REGULAR",
    "currentPrice": "N/A",
    "pricePerOz": "N/A",
    "pickup": "Free shipping, arrives in 3+ days",
    "delivery": "N/A",
    "shipping": "N/A"
  },
  {
    "ioId": "1PIX7ZXGNQK8",
    "linkIdentifier": "5419597438",
    "text": "Catit Creamy Lickable Cat Treats Mega Mix, 72 Count",
    "href": "/ip/Catit-Creamy-Lickable-Cat-Treats-Mega-Mix-72-Count/5419597438?classType=REGULAR",
    "currentPrice": "current price Now $31.99",
    "pricePerOz": "$36.99",
    "pickup": "Free shipping, arrives in 3+ days",
    "delivery": "N/A",
    "shipping": "N/A"
  },
  {
    "ioId": "29VB33CXADOS",
    "linkIdentifier": "14409409706",
    "text": "MerlinsMart Zine + Meow Mix Irresistibles Soft Cat Treats 2 Flavor 4 Pouch Variety Pack (2 Each): Salmon, White Meat Chicken (3 Ounces) - Plus Catnip Toy",
    "href": "/ip/MerlinsMart-Zine-Meow-Mix-Irresistibles-Soft-Cat-Treats-2-Flavor-4-Pouch-Variety-Pack-2-Each-Salmon-White-Meat-Chicken-3-Ounces-Plus-Catnip-Toy/14409409706?classType=REGULAR",
    "currentPrice": "current price $28.95",
    "pricePerOz": "N/A",
    "pickup": "Shipping, arrives in 2 days",
    "delivery": "N/A",
    "shipping": "N/A"
  },
  {
    "ioId": "48HTY4MGJL9F",
    "linkIdentifier": "895926800",
    "text": "Caru Soft 'n Tasty Salmon Recipe Baked Bars Cat Treats - 3.0 oz",
    "href": "/ip/Caru-Soft-n-Tasty-Salmon-Recipe-Baked-Bars-Cat-Treats-3-0-oz/895926800?classType=REGULAR",
    "currentPrice": "N/A",
    "pricePerOz": "N/A",
    "pickup": "Free shipping, arrives in 2 days",
    "delivery": "N/A",
    "shipping": "N/A"
  },
  {
    "ioId": "0YG8IUFFEXZH",
    "linkIdentifier": "27969044",
    "text": "Life Essentials All-Natural Freeze Dried Chicken Dog & Cat Treats, 2 oz. bag",
    "href": "/ip/Cat-Man-Doo-Life-Essentials-Freeze-Dried-Chicken-Cat-Treat/27969044?classType=REGULAR",
    "currentPrice": "current price $21.99",
    "pricePerOz": "N/A",
    "pickup": "Free shipping, arrives in 3+ days",
    "delivery": "N/A",
    "shipping": "N/A"
  },
  {
    "ioId": "2YA4QWP81PLE",
    "linkIdentifier": "866511594",
    "text": "Blue Buffalo Bursts Crunchy & Creamy Cat Treats, Great for Training, Seafood, 12-oz. Tub",
    "href": "/ip/Blue-Buffalo-Bursts-Seafood-Flavor-Crunchy-Treats-for-Cats-Whole-Grain-12-oz-Tub/866511594?classType=REGULAR",
    "currentPrice": "current price Now $8.98",
    "pricePerOz": "$12.43",
    "pickup": "Shipping, arrives in 2 days",
    "delivery": "N/A",
    "shipping": "N/A"
  },
  {
    "ioId": "2939LTP8OAYM",
    "linkIdentifier": "2215839351",
    "text": "INABA Churu Stew Lickable Wet Cat Topper, 1.4 oz Pouch, Chicken & Tuna",
    "href": "/ip/INABA-Churu-Stew-Lickable-Wet-Cat-Topper-1-4-oz-Pouch-Chicken-Tuna/2215839351?classType=REGULAR",
    "currentPrice": "N/A",
    "pricePerOz": "N/A",
    "pickup": "Free shipping, arrives in 3+ days",
    "delivery": "N/A",
    "shipping": "N/A"
  },
  {
    "ioId": "4A8U3K2L0CVD",
    "linkIdentifier": "856458490",
    "text": "Friskies Cat Treats, Party Mix Seafood Lovers Crunch - (6) 6 oz. Pouches",
    "href": "/ip/Friskies-Cat-Treats-Party-Mix-Seafood-Lovers-Crunch-6-6-oz-Pouches/856458490?classType=REGULAR",
    "currentPrice": "N/A",
    "pricePerOz": "N/A",
    "pickup": "Free shipping, arrives in 3+ days",
    "delivery": "N/A",
    "shipping": "N/A"
  },
  {
    "ioId": "1O0PCLO7IIYM",
    "linkIdentifier": "7224763812",
    "text": "INABA Churu Cat Treats, Lickable, Squeezable Creamy Pure with Vitamin E, 0.5 Ounces per Tube, 120 Tubes Total, Chicken Variety",
    "href": "/ip/INABA-Churu-Cat-Treats-Lickable-Squeezable-Creamy-Pur-e-with-Vitamin-E-0-5-Ounces-per-Tube-120-Tubes-Total-Chicken-Variety/7224763812?classType=REGULAR",
    "currentPrice": "current price $93.65",
    "pricePerOz": "N/A",
    "pickup": "Free shipping, arrives in 3+ days",
    "delivery": "N/A",
    "shipping": "N/A"
  },
  {
    "ioId": "0Z2ITRRQCH5L",
    "linkIdentifier": "493264161",
    "text": "Friskies Party Mix Naturals Cat Treats - Real Salmon 2.1 oz",
    "href": "/ip/Friskies-Party-Mix-Naturals-Cat-Treats-Real-Salmon-2-1-oz/493264161?classType=REGULAR",
    "currentPrice": "N/A",
    "pricePerOz": "N/A",
    "pickup": "Free shipping, arrives in 2 days",
    "delivery": "N/A",
    "shipping": "N/A"
  },
  {
    "ioId": "721L4GO4YQOY",
    "linkIdentifier": "3020506481",
    "text": "Blue Buffalo Wilderness Crunchy Cat Treats, Chicken 2-oz Bag (12 Pack)",
    "href": "/ip/Blue-Buffalo-Wilderness-Crunchy-Cat-Treats-Chicken-2-oz-Bag-12-Pack/3020506481?classType=REGULAR",
    "currentPrice": "N/A",
    "pricePerOz": "N/A",
    "pickup": "Free shipping, arrives in 3+ days",
    "delivery": "N/A",
    "shipping": "N/A"
  },
  {
    "ioId": "59LJTQOII0X8",
    "linkIdentifier": "864262654",
    "text": "Friskies Party Mix Crunch Gravy-licious Turkey & Gravy Treats (Pack of 12)",
    "href": "/ip/Friskies-Party-Mix-Crunch-Gravy-licious-Turkey-Gravy-Treats/864262654?classType=REGULAR",
    "currentPrice": "current price $32.96",
    "pricePerOz": "N/A",
    "pickup": "Free shipping, arrives in 3+ days",
    "delivery": "N/A",
    "shipping": "N/A"
  },
  {
    "ioId": "7FLKQ21YB3BD",
    "linkIdentifier": "771902651",
    "text": "REAL MEAT Cat Treats Lamb/Liver 3oz",
    "href": "/ip/REAL-MEAT-Cat-Treats-Lamb-Liver-3oz/771902651?classType=REGULAR",
    "currentPrice": "current price $7.99",
    "pricePerOz": "N/A",
    "pickup": "Free shipping, arrives in 3+ days",
    "delivery": "N/A",
    "shipping": "N/A"
  },
  {
    "ioId": "4GV8LHHA8YQH",
    "linkIdentifier": "14438007654",
    "text": "MerlinsMart Zine + Fussie Cat Premium Seafood Puree Topper Treat (2) Each: Oceanfish Salmon, Tuna Mussels, Tuna, Sardine (2 Ounces) Plus Catnip Toy",
    "href": "/ip/MerlinsMart-Zine-Fussie-Cat-Premium-Seafood-Puree-Topper-Treat-2-Each-Oceanfish-Salmon-Tuna-Mussels-Tuna-Sardine-2-Ounces-Plus-Catnip-Toy/14438007654?classType=REGULAR",
    "currentPrice": "current price $39.95",
    "pricePerOz": "N/A",
    "pickup": "Free shipping, arrives in 2 days",
    "delivery": "N/A",
    "shipping": "N/A"
  },
  {
    "ioId": "0Y3MY96KYZI8",
    "linkIdentifier": "511008768",
    "text": "Orijen Tundra Biologically Appropriate Boar, Goat, Venison, & Char Freeze Dried Cat Treats, 1.25 oz",
    "href": "/ip/Orijen-Tundra-Biologically-Appropriate-Boar-Goat-Venison-Char-Freeze-Dried-Cat-Treats-1-25-oz/511008768?classType=REGULAR",
    "currentPrice": "current price $11.15",
    "pricePerOz": "44.6 ¢/oz",
    "pickup": "Free shipping, arrives in 3+ days",
    "delivery": "N/A",
    "shipping": "N/A"
  },
  {
    "ioId": "3RUR78N1VKYO",
    "linkIdentifier": "162423824",
    "text": "Delectables Squeeze Up Cat Treats Tuna & Shrimp, 4 Count",
    "href": "/ip/Hartz-Delectables-Squeeze-Up-Lickable-Wet-Cat-Treats-Tuna-Shrimp-2oz-4-Pack/162423824?classType=REGULAR",
    "currentPrice": "current price Now $2.27",
    "pricePerOz": "$8.60",
    "pickup": "Shipping, arrives in 3+ days",
    "delivery": "N/A",
    "shipping": "N/A"
  },
  {
    "ioId": "64I1CFI9MU91",
    "linkIdentifier": "5256056876",
    "text": "Primal Pet Food 810076942520 4 oz Cat Give Pieces A Chance Chicken Food with Broth",
    "href": "/ip/Primal-Pet-Food-810076942520-4-oz-Cat-Give-Pieces-A-Chance-Chicken-Food-with-Broth/5256056876?classType=REGULAR",
    "currentPrice": "current price $15.67",
    "pricePerOz": "N/A",
    "pickup": "Free shipping, arrives in 3+ days",
    "delivery": "N/A",
    "shipping": "N/A"
  },
  {
    "ioId": "5VRBVPAGKTOP",
    "linkIdentifier": "9089704471",
    "text": "Creamy Lickable Cat Treat, Healthy Cat Treat, 4 Flavours, 72 Tubes, 1080g (72 X 15g)",
    "href": "/ip/Creamy-Lickable-Cat-Treat-Healthy-Cat-Treat-4-Flavours-72-Tubes-1080g-72-X-15g/9089704471?classType=REGULAR",
    "currentPrice": "current price $32.13",
    "pricePerOz": "N/A",
    "pickup": "Free shipping, arrives in 3+ days",
    "delivery": "N/A",
    "shipping": "N/A"
  },
  {
    "ioId": "4ZU05Y6C4T0P",
    "linkIdentifier": "3609557599",
    "text": "Meowy Janes Silver Vine for Cats - 45 Grams of Powder - All Natural Catnip Alternative",
    "href": "/ip/Meowy-Janes-Silver-Vine-for-Cats-45-Grams-of-Powder-All-Natural-Catnip-Alternative/3609557599?classType=REGULAR",
    "currentPrice": "current price $14.95",
    "pricePerOz": "N/A",
    "pickup": "Free shipping, arrives in 3+ days",
    "delivery": "N/A",
    "shipping": "N/A"
  },
  {
    "ioId": "4N77IH5V18O9",
    "linkIdentifier": "271528693",
    "text": "Hartz Delectables Squeeze Up Interactive Lickable Wet Cat Treats Variety Pack, 48 Count Jar",
    "href": "/ip/Hartz-Delectables-Squeeze-Up-Interactive-Lickable-Wet-Cat-Treats-Variety-Pack-48-Count-Jar/271528693?classType=REGULAR",
    "currentPrice": "current price $30.82",
    "pricePerOz": "$1.28/oz",
    "pickup": "Shipping, arrives tomorrow",
    "delivery": "N/A",
    "shipping": "N/A"
  },
  {
    "ioId": "0W66EOHIFHWS",
    "linkIdentifier": "12646423363",
    "text": "Greenies Feline Smartbites Skin & Fur Crunchy and Soft Natural Cat Treats, Salmon Flavor, 4.6 oz. Pack",
    "href": "/ip/Greenies-Feline-Smartbites-Skin-Fur-Crunchy-and-Soft-Natural-Cat-Treats-Salmon-Flavor-4-6-oz-Pack/12646423363?classType=REGULAR",
    "currentPrice": "current price $6.99",
    "pricePerOz": "+$6.00 shipping",
    "pickup": "Shipping, arrives in 3+ days",
    "delivery": "N/A",
    "shipping": "N/A"
  },
  {
    "ioId": "1BHC1117OTWR",
    "linkIdentifier": "10215551459",
    "text": "Delectables Non-Seafood Stew Lickable Wet Cat Treats, Chicken, 1.4 oz (Pack of 12) SHC70",
    "href": "/ip/Delectables-Non-Seafood-Stew-Lickable-Wet-Cat-Treats-Chicken-1-4-oz-Pack-of-12-SHC70/10215551459?classType=REGULAR",
    "currentPrice": "current price Now $13.99",
    "pricePerOz": "$20.00",
    "pickup": "Shipping, arrives in 3+ days",
    "delivery": "N/A",
    "shipping": "N/A"
  },
  {
    "ioId": "6PI2G9L93I83",
    "linkIdentifier": "7761215272",
    "text": "Greenies Feline Smartbites Skin & Fur Crunchy and Soft Textured Adult Natural Cat Treats, Chicken Flavor, 16 oz. Tub (Package may vary) KK21 KK21",
    "href": "/ip/Greenies-Feline-Smartbites-Skin-Fur-Crunchy-and-Soft-Textured-Adult-Natural-Cat-Treats-Chicken-Flavor-16-oz-Tub-Package-may-vary-KK21-KK21/7761215272?classType=REGULAR",
    "currentPrice": "current price $24.99",
    "pricePerOz": "+$9.98 shipping",
    "pickup": "Shipping, arrives in 3+ days",
    "delivery": "N/A",
    "shipping": "N/A"
  },
  {
    "ioId": "6PRN4Q5CS3RB",
    "linkIdentifier": "2005644969",
    "text": "C.E.T. Intellident Cat Dental Treat (90 count)",
    "href": "/ip/C-E-T-Intellident-Cat-Dental-Treat-90-count/2005644969?classType=REGULAR",
    "currentPrice": "current price $14.89",
    "pricePerOz": "N/A",
    "pickup": "Free shipping, arrives in 3+ days",
    "delivery": "N/A",
    "shipping": "N/A"
  },
  {
    "ioId": "39O36XSLSUV9",
    "linkIdentifier": "8345761114",
    "text": "Temptations Classic Crunchy and Soft Cat Treats Seafood Medley Flavor, 1.88 Pound (Pack of 1)",
    "href": "/ip/Temptations-Classic-Crunchy-and-Soft-Cat-Treats-Seafood-Medley-Flavor-1-88-Pound-Pack-of-1/8345761114?classType=REGULAR",
    "currentPrice": "current price $16.99",
    "pricePerOz": "+$9.98 shipping",
    "pickup": "Shipping, arrives in 3+ days",
    "delivery": "N/A",
    "shipping": "N/A"
  },
  {
    "ioId": "4FZA0ZW6RYEB",
    "linkIdentifier": "8358210352",
    "text": "TEMPTATIONS MIXUPS Crunchy and Soft Cat Treats Backyard Cookout Flavor, 16 oz. Tub",
    "href": "/ip/TEMPTATIONS-MIXUPS-Crunchy-and-Soft-Cat-Treats-Backyard-Cookout-Flavor-16-oz-Tub/8358210352?classType=REGULAR",
    "currentPrice": "N/A",
    "pricePerOz": "N/A",
    "pickup": "Free shipping, arrives in 3+ days",
    "delivery": "N/A",
    "shipping": "N/A"
  },
  {
    "ioId": "5ENX0Q3ISMPV",
    "linkIdentifier": "745353283",
    "text": "Friskies , Natural Cat Treats, Party Mix Natural Yums With Real Tuna, 20 oz. Canister",
    "href": "/ip/Friskies-Natural-Cat-Treats-Party-Mix-Natural-Yums-With-Real-Tuna-20-oz-Canister/745353283?classType=REGULAR",
    "currentPrice": "current price $23.10",
    "pricePerOz": "$1.16/oz",
    "pickup": "Free shipping, arrives in 3+ days",
    "delivery": "N/A",
    "shipping": "N/A"
  },
  {
    "ioId": "54HYLLII7F6R",
    "linkIdentifier": "1034544563",
    "text": "16 oz Mixups Catnip Fever Cat Treats",
    "href": "/ip/16-oz-Mixups-Catnip-Fever-Cat-Treats/1034544563?classType=REGULAR",
    "currentPrice": "current price $15.00",
    "pricePerOz": "N/A",
    "pickup": "Free shipping, arrives in 3+ days",
    "delivery": "N/A",
    "shipping": "N/A"
  },
  {
    "ioId": "777RP3M2LTSY",
    "linkIdentifier": "1344555972",
    "text": "Temptations MixUps Catnip Fever Chicken Cheddar Flavor Crunchy and Soft Cat Treats Food Great Snack for Adult Cats, 6.3 oz - Pack of 2",
    "href": "/ip/Temptations-MixUps-Catnip-Fever-Chicken-Cheddar-Flavor-Crunchy-and-Soft-Cat-Treats-Food-Great-Snack-for-Adult-Cats-6-3-oz-Pack-of-2/1344555972?classType=REGULAR",
    "currentPrice": "current price $16.90",
    "pricePerOz": "N/A",
    "pickup": "Free shipping, arrives in 3+ days",
    "delivery": "N/A",
    "shipping": "N/A"
  },
  {
    "ioId": "5BRKDH4WCOVD",
    "linkIdentifier": "1126985641",
    "text": "Delectables Squeeze Up Hartz Cat Treats Variety Pack Bundle of 3 Flavors (Tuna, Chicken, Tuna & Shrimp 2.0 oz Each)",
    "href": "/ip/Delectables-Squeeze-Up-Hartz-Cat-Treats-Variety-Pack-Bundle-of-3-Flavors-Tuna-Chicken-Tuna-Shrimp-2-0-oz-Each/1126985641?classType=REGULAR",
    "currentPrice": "N/A",
    "pricePerOz": "N/A",
    "pickup": "Free shipping, arrives in 3+ days",
    "delivery": "N/A",
    "shipping": "N/A"
  },
  {
    "ioId": "6IU99IVU35F3",
    "linkIdentifier": "2686778137",
    "text": "Meowy Janes Ultra Blend - All Natural Catnip, Silvervine Powder and Valerian Root Mix - 7.5 fl oz",
    "href": "/ip/Meowy-Janes-Ultra-Blend-All-Natural-Catnip-Silvervine-Powder-and-Valerian-Root-Mix-7-5-fl-oz/2686778137?classType=REGULAR",
    "currentPrice": "current price $14.50",
    "pricePerOz": "N/A",
    "pickup": "Free shipping, arrives in 3+ days",
    "delivery": "N/A",
    "shipping": "N/A"
  },
  {
    "ioId": "2ON05XHTDZAQ",
    "linkIdentifier": "2170658823",
    "text": "Churu Tuna Variety Pack 40 Tubes",
    "href": "/ip/Inaba-Churu-Tuna-Variety-Pack-40-Tubes/2170658823?classType=REGULAR",
    "currentPrice": "current price $19.98",
    "pricePerOz": "99.9 ¢/oz",
    "pickup": "Shipping, arrives tomorrow",
    "delivery": "N/A",
    "shipping": "N/A"
  },
  {
    "ioId": "7KPUQ5L2PWEH",
    "linkIdentifier": "5770256976",
    "text": "Delectables Tuna and Chicken & Vegetables Squeeze Ups Variety Cat Treats, 10 oz.",
    "href": "/ip/Delectables-Tuna-and-Chicken-Vegetables-Squeeze-Ups-Variety-Cat-Treats-10-oz/5770256976?classType=REGULAR",
    "currentPrice": "current price Now $24.99",
    "pricePerOz": "$28.55",
    "pickup": "Shipping, arrives in 3+ days",
    "delivery": "N/A",
    "shipping": "N/A"
  },
  {
    "ioId": "1PA982YTI45T",
    "linkIdentifier": "590855687",
    "text": "Purina Friskies Made in USA Facilities Cat Treats, Party Mix Beachside Crunch - 10 2.1 oz. Bags",
    "href": "/ip/Purina-Friskies-Made-in-USA-Facilities-Cat-Treats-Party-Mix-Beachside-Crunch-10-2-1-oz-Bags/590855687?classType=REGULAR",
    "currentPrice": "N/A",
    "pricePerOz": "N/A",
    "pickup": "Free shipping, arrives in 3+ days",
    "delivery": "N/A",
    "shipping": "N/A"
  },
  {
    "ioId": "620KZFEZ5RR9",
    "linkIdentifier": "46160396",
    "text": "Yeowww! Catnip Bag 1ea/4, 30",
    "href": "/ip/Yeowww-Mini-Catnip-Toy-Singles-Multi-Colored/46160396?classType=REGULAR",
    "currentPrice": "current price $7.28",
    "pricePerOz": "$4.28/oz",
    "pickup": "Free shipping, arrives in 3+ days",
    "delivery": "N/A",
    "shipping": "N/A"
  },
  {
    "ioId": "2WIKPASBVP1C",
    "linkIdentifier": "1257456354",
    "text": "Temptations Classic Crunchy and Soft Cat Treats, Tantalizing Turkey Flavor Treat Pet Food Great Snack for Adult Cats, 6.3oz Resealable Pouch - Pack of 2",
    "href": "/ip/Temptations-Classic-Crunchy-Soft-Cat-Treats-Tantalizing-Turkey-Flavor-Treat-Pet-Food-Great-Snack-Adult-Cats-6-3oz-Resealable-Pouch-Pack-2/1257456354?classType=REGULAR",
    "currentPrice": "current price $13.33",
    "pricePerOz": "N/A",
    "pickup": "Free shipping, arrives in 3+ days",
    "delivery": "N/A",
    "shipping": "N/A"
  },
  {
    "ioId": "27Z9WC1UE9M1",
    "linkIdentifier": "5352424345",
    "text": "Purina Friskies Party Mix Cat Treats, Original Crunch Snacks, 20 oz. Canister",
    "href": "/ip/Purina-Friskies-Party-Mix-Cat-Treats-Original-Crunch-Snacks-20-oz-Canister/5352424345?classType=REGULAR",
    "currentPrice": "current price $14.47",
    "pricePerOz": "N/A",
    "pickup": "Free shipping, arrives in 3+ days",
    "delivery": "N/A",
    "shipping": "N/A"
  },
  {
    "ioId": "366APWV94D4K",
    "linkIdentifier": "8356512086",
    "text": "TEMPTATIONS MixUps Treats for Cats CATNIP FEVER Flavor 16 Ounces",
    "href": "/ip/TEMPTATIONS-MixUps-Treats-for-Cats-CATNIP-FEVER-Flavor-16-Ounces/8356512086?classType=REGULAR",
    "currentPrice": "current price $16.99",
    "pricePerOz": "N/A",
    "pickup": "Free shipping, arrives in 3+ days",
    "delivery": "N/A",
    "shipping": "N/A"
  },
  {
    "ioId": "2PMAJWLBMYIP",
    "linkIdentifier": "1992950268",
    "text": "Icelandic+ Herring Whole Fish Cat Treat 1.5-oz Bag",
    "href": "/ip/Icelandic-Herring-Whole-Fish-Cat-Treat-1-5-oz-Bag/1992950268?classType=REGULAR",
    "currentPrice": "current price $12.50",
    "pricePerOz": "N/A",
    "pickup": "Free shipping, arrives in 3+ days",
    "delivery": "N/A",
    "shipping": "N/A"
  },
  {
    "ioId": "22A72KOVM7I8",
    "linkIdentifier": "13762203440",
    "text": "Temptations Creamy Puree Squeezable Lickable Wet Cat Treat with Cheese, 0.42 oz. Tubes, Pack of 16 C48",
    "href": "/ip/Temptations-Creamy-Puree-Squeezable-Lickable-Wet-Cat-Treat-with-Cheese-0-42-oz-Tubes-Pack-of-16-C48/13762203440?classType=REGULAR",
    "currentPrice": "N/A",
    "pricePerOz": "N/A",
    "pickup": "Free shipping, arrives in 3+ days",
    "delivery": "N/A",
    "shipping": "N/A"
  },
  {
    "ioId": "47NPXXZXZIUO",
    "linkIdentifier": "46160793",
    "text": "Yeowww! Catnip 100% Organically Grown Cat Treat, 1 Oz",
    "href": "/ip/Yeowww-Catnip-100-Organically-Grown-Cat-Treat-1-Oz/46160793?classType=REGULAR",
    "currentPrice": "current price Now $8.18",
    "pricePerOz": "$9.33",
    "pickup": "Free shipping, arrives in 3+ days",
    "delivery": "N/A",
    "shipping": "N/A"
  },
  {
    "ioId": "6KEEG7MERFOG",
    "linkIdentifier": "19766343",
    "text": "Pounce Tartar Control Crunchy Tuna Flavor Cat Treats, 2.1-Ounce",
    "href": "/ip/Pounce-Tartar-Control-Crunchy-Tuna-Flavor-Cat-Treats-2-1-Ounce/19766343?classType=REGULAR",
    "currentPrice": "current price $7.98",
    "pricePerOz": "$3.80/oz",
    "pickup": "Shipping, arrives in 2 days",
    "delivery": "N/A",
    "shipping": "N/A"
  },
  {
    "ioId": "3EPWOYCX13O9",
    "linkIdentifier": "27901540",
    "text": "OurPets PREMIUM North-American Cosmic Catnip Bag .5 oz For Cats 100% Natural",
    "href": "/ip/Ourpets-Company-Cosmic-Catnip-Bag-5-Ounce/27901540?classType=REGULAR",
    "currentPrice": "current price $8.16",
    "pricePerOz": "N/A",
    "pickup": "Shipping, arrives in 2 days",
    "delivery": "N/A",
    "shipping": "N/A"
  },
  {
    "ioId": "3KNNZ81R3HQX",
    "linkIdentifier": "10762713959",
    "text": "Temptations Classic Crunchy and Soft Cat Treats Tasty Chicken Flavor, 48 oz. Pouch",
    "href": "/ip/Temptations-Classic-Crunchy-and-Soft-Cat-Treats-Tasty-Chicken-Flavor-48-oz-Pouch/10762713959?classType=REGULAR",
    "currentPrice": "current price $35.00",
    "pricePerOz": "N/A",
    "pickup": "Free shipping, arrives in 3+ days",
    "delivery": "N/A",
    "shipping": "N/A"
  },
  {
    "ioId": "31UBF38TXJPS",
    "linkIdentifier": "969475687",
    "text": "Purina Friskies Party Mix Natural Yums Cat Treats, Tuna, (6) 6 oz Bags",
    "href": "/ip/Purina-Friskies-Party-Mix-Tuna-Flavor-for-Cats-6-oz-Pouches-6-Pack/969475687?classType=REGULAR",
    "currentPrice": "current price $32.85",
    "pricePerOz": "91.3 ¢/oz",
    "pickup": "N/A",
    "delivery": "N/A",
    "shipping": "N/A"
  },
  {
    "ioId": "5ERM7UQTTT34",
    "linkIdentifier": "999922505",
    "text": "Blue Buffalo Wilderness Crunchy Cat Treats, Tasty Salmon Flavor, 12-oz. Tub",
    "href": "/ip/Blue-Buffalo-Wilderness-Salmon-Flavor-Crunchy-Treats-for-Cats-Grain-Free-12-oz-Tub/999922505?classType=REGULAR",
    "currentPrice": "current price $15.03",
    "pricePerOz": "$1.25/oz",
    "pickup": "Shipping, arrives tomorrow",
    "delivery": "N/A",
    "shipping": "N/A"
  },
  {
    "ioId": "4MFED9DGFQWJ",
    "linkIdentifier": "953718279",
    "text": "Purina Fancy Feast Broths Kitten Food, Wet Cat Food, Chicken & Veggies, 1.4 oz Tubs (16 Pack)",
    "href": "/ip/Purina-Fancy-Feast-Broths-Kitten-Food-Wet-Cat-Food-Chicken-Veggies-1-4-oz-Tubs-16-Pack/953718279?classType=REGULAR",
    "currentPrice": "N/A",
    "pricePerOz": "N/A",
    "pickup": "Free shipping, arrives in 3+ days",
    "delivery": "N/A",
    "shipping": "N/A"
  },
  {
    "ioId": "4QZG8A2MCUV9",
    "linkIdentifier": "882816319",
    "text": "Fruitables Wildly Natural 2.5 Ounce Grain Free Salmon Treats for Cats Pack of 3",
    "href": "/ip/Fruitables-Wildly-Natural-2-5-Ounce-Grain-Free-Salmon-Treats-for-Cats-Pack-of-3/882816319?classType=REGULAR",
    "currentPrice": "current price $11.31",
    "pricePerOz": "N/A",
    "pickup": "Shipping, arrives in 2 days",
    "delivery": "N/A",
    "shipping": "N/A"
  },
  {
    "ioId": "1M0BYPOJ2HNK",
    "linkIdentifier": "1904242320",
    "text": "NS Pounce Tuna Flavored Cat Treats, 2.1oz Resealable Bag Crunchy Tasty Tartar & Plaque Control Bite-Sized Heart Shaped Feline Food Pack of 2",
    "href": "/ip/NS-Pounce-Tuna-Flavored-Cat-Treats-2-1oz-Resealable-Bag-Crunchy-Tasty-Tartar-Plaque-Control-Bite-Sized-Heart-Shaped-Feline-Food-Pack-of-2/1904242320?classType=REGULAR",
    "currentPrice": "current price $12.88",
    "pricePerOz": "$2.75/oz",
    "pickup": "Shipping, arrives in 2 days",
    "delivery": "N/A",
    "shipping": "N/A"
  },
  {
    "ioId": "79WOQB5FVNU0",
    "linkIdentifier": "678020307",
    "text": "Fruitables Limited Ingredient Crunchy Cat Treats Chicken w/Blueberry, 2.5 oz",
    "href": "/ip/Fruitables-Limited-Ingredient-Crunchy-Cat-Treats-Chicken-w-Blueberry-2-5-oz/678020307?classType=REGULAR",
    "currentPrice": "N/A",
    "pricePerOz": "N/A",
    "pickup": "Free shipping, arrives in 3+ days",
    "delivery": "N/A",
    "shipping": "N/A"
  },
  {
    "ioId": "1L26MK8S40PX",
    "linkIdentifier": "725275633",
    "text": "Fruitables Cat Treats | Made with Real Tuna with Pumpkin | 2.5 Ounces",
    "href": "/ip/Fruitables-Cat-Treats-Made-with-Real-Tuna-with-Pumpkin-2-5-Ounces/725275633?classType=REGULAR",
    "currentPrice": "current price $7.45",
    "pricePerOz": "$2.98/oz",
    "pickup": "Free shipping, arrives in 3+ days",
    "delivery": "N/A",
    "shipping": "N/A"
  },
  {
    "ioId": "0W3NXBKNK7S6",
    "linkIdentifier": "5726365580",
    "text": "TEMPTATIONS Classic Crunchy and Soft Cat Treats Tasty Chicken Flavor, 30 oz. Tub",
    "href": "/ip/TEMPTATIONS-Classic-Crunchy-and-Soft-Cat-Treats-Tasty-Chicken-Flavor-30-oz-Tub/5726365580?classType=REGULAR",
    "currentPrice": "current price $20.96",
    "pricePerOz": "N/A",
    "pickup": "Free shipping, arrives in 3+ days",
    "delivery": "N/A",
    "shipping": "N/A"
  },
  {
    "ioId": "6UTEOPZ1HKSK",
    "linkIdentifier": "8462414678",
    "text": "Cat Grass Teething-Stick Pet Snack Hairball Removal Teeth CleaningNE Cat P4Q0",
    "href": "/ip/Cat-Grass-Teething-Stick-Pet-Snack-Hairball-Removal-Teeth-CleaningNE-Cat-P4Q0/8462414678?classType=REGULAR",
    "currentPrice": "current price $6.14",
    "pricePerOz": "+$0.97 shipping",
    "pickup": "Shipping, arrives in 3+ days",
    "delivery": "N/A",
    "shipping": "N/A"
  },
  {
    "ioId": "1TMAO9Q7PZD6",
    "linkIdentifier": "361810937",
    "text": "INABA Premium Hand-Cut Grilled Tuna Fillet Cat Treats w Vitamin E, 0.52 oz, 10-Pack, Variety Pack",
    "href": "/ip/INABA-Premium-Hand-Cut-Grilled-Tuna-Fillet-Cat-Treats-w-Vitamin-E-0-52-oz-10-Pack-Variety-Pack/361810937?classType=REGULAR",
    "currentPrice": "current price $24.99",
    "pricePerOz": "$48.06/ea",
    "pickup": "Shipping, arrives in 3+ days",
    "delivery": "N/A",
    "shipping": "N/A"
  },
  {
    "ioId": "2MFBESSNWHS8",
    "linkIdentifier": "9762063403",
    "text": "Temptations Lickable Spoons Adult Wet Cat Treat, 10 Grams, Variety Pack of 24 SHC10",
    "href": "/ip/Temptations-Lickable-Spoons-Adult-Wet-Cat-Treat-10-Grams-Variety-Pack-of-24-SHC10/9762063403?classType=REGULAR",
    "currentPrice": "N/A",
    "pricePerOz": "N/A",
    "pickup": "Free shipping, arrives in 3+ days",
    "delivery": "N/A",
    "shipping": "N/A"
  },
  {
    "ioId": "72DTJUZPP4BQ",
    "linkIdentifier": "875304662",
    "text": "PureBites Chicken Breast & Duck Recipe Limited Ingredient Grain-Free Freeze Dried Cat Treat, 1.12 Oz",
    "href": "/ip/PureBites-Chicken-Breast-Duck-Recipe-Limited-Ingredient-Grain-Free-Freeze-Dried-Cat-Treat-1-12-Oz/875304662?classType=REGULAR",
    "currentPrice": "current price $10.76",
    "pricePerOz": "$9.61/oz",
    "pickup": "Free shipping, arrives in 3+ days",
    "delivery": "N/A",
    "shipping": "N/A"
  },
  {
    "ioId": "500R5Y3I93VP",
    "linkIdentifier": "990858586",
    "text": "Fruitables Limited Ingredient Crunchy Cat Treats Salmon w/Cranberry, 2.5 oz",
    "href": "/ip/Fruitables-Limited-Ingredient-Crunchy-Cat-Treats-Salmon-w-Cranberry-2-5-oz/990858586?classType=REGULAR",
    "currentPrice": "current price $7.80",
    "pricePerOz": "$3.12/oz",
    "pickup": "Free shipping, arrives in 3+ days",
    "delivery": "N/A",
    "shipping": "N/A"
  },
  {
    "ioId": "5TLNN2EWPQ94",
    "linkIdentifier": "437389950",
    "text": "Friskies Crunchy Party Mix Pouch Cat Treats Quantity: Case of 10, Flavor: Wild West",
    "href": "/ip/Friskies-Crunchy-Party-Mix-Pouch-Cat-Treats-Quantity-Case-of-10-Flavor-Wild-West/437389950?classType=REGULAR",
    "currentPrice": "current price $32.37",
    "pricePerOz": "N/A",
    "pickup": "Free shipping, arrives in 3+ days",
    "delivery": "N/A",
    "shipping": "N/A"
  },
  {
    "ioId": "5B38XT489QD0",
    "linkIdentifier": "954325740",
    "text": "Blue Wilderness Cat Treat",
    "href": "/ip/Blue-Wilderness-Cat-Treat/954325740?classType=REGULAR",
    "currentPrice": "N/A",
    "pricePerOz": "N/A",
    "pickup": "Free shipping, arrives in 3+ days",
    "delivery": "N/A",
    "shipping": "N/A"
  },
  {
    "ioId": "5GTT9LN6C7YX",
    "linkIdentifier": "793400376",
    "text": "Friskies Party Mix Variety Pack with Toy- 6-2.1oz bags and toy",
    "href": "/ip/Friskies-Party-Mix-Variety-Pack-with-Toy-6-2-1oz-bags-and-toy/793400376?classType=REGULAR",
    "currentPrice": "current price $26.89",
    "pricePerOz": "N/A",
    "pickup": "Free shipping, arrives in 3+ days",
    "delivery": "N/A",
    "shipping": "N/A"
  },
  {
    "ioId": "6O0F1N6BVAYQ",
    "linkIdentifier": "496777491",
    "text": "Purina Fancy Feast Appetizers Wet Cat Food, Tuna & Scallop in Broth, 1.1 oz Trays (10 Pack)",
    "href": "/ip/10-Pack-Fancy-Feast-Wet-Cat-Food-Complement-Appetizers-Light-Meat-Tuna-With-a-Scallop-Topper-1-1-oz-Trays/496777491?classType=REGULAR",
    "currentPrice": "current price $26.17",
    "pricePerOz": "$23.79/oz",
    "pickup": "Free shipping, arrives in 3+ days",
    "delivery": "N/A",
    "shipping": "N/A"
  },
  {
    "ioId": "51148RN08R0O",
    "linkIdentifier": "749684714",
    "text": "PureBites Minnows Freeze Dried Treats for Cats 1.09 Ounces",
    "href": "/ip/PureBites-Minnows-Freeze-Dried-Treats-for-Cats-1-09-Ounces/749684714?classType=REGULAR",
    "currentPrice": "current price $10.73",
    "pricePerOz": "N/A",
    "pickup": "Free shipping, arrives in 3+ days",
    "delivery": "N/A",
    "shipping": "N/A"
  },
  {
    "ioId": "2OIUQWA0HPR8",
    "linkIdentifier": "900821229",
    "text": "Purina Friskies Made in USA Cat Treats; Party Mix Chicken Lovers Crunch - 20 oz. Canister",
    "href": "/ip/Purina-Friskies-Made-in-USA-Cat-Treats-Party-Mix-Chicken-Lovers-Crunch-20-oz-Canister/900821229?classType=REGULAR",
    "currentPrice": "current price $28.32",
    "pricePerOz": "N/A",
    "pickup": "Free shipping, arrives in 3+ days",
    "delivery": "N/A",
    "shipping": "N/A"
  },
  {
    "ioId": "1QK336ZY4FNT",
    "linkIdentifier": "501113724",
    "text": "PetZone 2.25 oz Catnip Jar",
    "href": "/ip/PetZone-2-25-oz-Catnip-Jar/501113724?classType=REGULAR",
    "currentPrice": "current price $9.99",
    "pricePerOz": "$4.44/oz",
    "pickup": "Shipping, arrives in 3+ days",
    "delivery": "N/A",
    "shipping": "N/A"
  },
  {
    "ioId": "4X710BNPZVZL",
    "linkIdentifier": "502535573",
    "text": "INABA Premium Hand-Cut Grilled Tuna Fillet Cat Treats w Vitamin E, 0.52 oz, 6-Pack, Crab Broth",
    "href": "/ip/INABA-Premium-Hand-Cut-Grilled-Tuna-Fillet-Cat-Treats-w-Vitamin-E-0-52-oz-6-Pack-Crab-Broth/502535573?classType=REGULAR",
    "currentPrice": "current price $10.81",
    "pricePerOz": "$20.79/ea",
    "pickup": "Shipping, arrives tomorrow",
    "delivery": "N/A",
    "shipping": "N/A"
  },
  {
    "ioId": "16KKZIN6SQ65",
    "linkIdentifier": "608452739",
    "text": "Friskies Cat Treats Beachside Party Mix (Pack of 24)",
    "href": "/ip/Cat-Treats-Beachside-Party-Mix-Pack-of-24/608452739?classType=REGULAR",
    "currentPrice": "current price $56.94",
    "pricePerOz": "N/A",
    "pickup": "Free shipping, arrives in 3+ days",
    "delivery": "N/A",
    "shipping": "N/A"
  },
  {
    "ioId": "1TBEXNZQFKNS",
    "linkIdentifier": "19273529",
    "text": "Fat Cat Zoom Around The Room 100% Organic Catnip in Zip Sealed Bag, 0.5 oz (14.2 g), Pack of 1",
    "href": "/ip/FAT-CAT-Zoom-Around-The-Room-High-Test-Organic-Catnip-0-5-oz/19273529?classType=REGULAR",
    "currentPrice": "current price $3.64",
    "pricePerOz": "N/A",
    "pickup": "Shipping, arrives in 3+ days",
    "delivery": "N/A",
    "shipping": "N/A"
  },
  {
    "ioId": "4MOEDM1M6PRS",
    "linkIdentifier": "101153084",
    "text": "Pet Wellbeing Natural Cancer Support for Canines Life Gold for Dogs 2oz",
    "href": "/ip/Pet-Wellbeing-Natural-Cancer-Support-for-Canines-Life-Gold-for-Dogs-2oz/101153084?classType=REGULAR",
    "currentPrice": "current price $40.95",
    "pricePerOz": "N/A",
    "pickup": "Free shipping, arrives in 3+ days",
    "delivery": "N/A",
    "shipping": "N/A"
  },
  {
    "ioId": "5ADPUTNICJ7B",
    "linkIdentifier": "21940574",
    "text": "OurPets PREMIUM North-American Grown Catnip 1.25 oz Jar Cosmic Catnip for Cats",
    "href": "/ip/OurPets-Cosmic-Catnip-100-Natural-Catnip-1-25Oz-Jar/21940574?classType=REGULAR",
    "currentPrice": "current price $11.96",
    "pricePerOz": "$1.41/oz",
    "pickup": "Shipping, arrives in 2 days",
    "delivery": "N/A",
    "shipping": "N/A"
  },
  {
    "ioId": "3KO5CYLEJ6TZ",
    "linkIdentifier": "27969043",
    "text": "Cat-Man-Doo Chicken Flavor Freeze-Dried Treat Chew for Cat & Dog, 5 oz.",
    "href": "/ip/Cat-Man-Doo-Chicken-Flavor-Freeze-Dried-Treat-Chew-for-Cat-Dog-5-oz/27969043?classType=REGULAR",
    "currentPrice": "current price $23.99",
    "pricePerOz": "$4.80/oz",
    "pickup": "Shipping, arrives in 2 days",
    "delivery": "N/A",
    "shipping": "N/A"
  },
  {
    "ioId": "3C9Z3YWFBG6Q",
    "linkIdentifier": "1892254927",
    "text": "TEMPTATIONS 16-Ounce MixUps Low-Calorie Adult Cat Treats SURFER'S DELIGHT Flavor- Tuna, Shrimp and Salmon, Pack of 2",
    "href": "/ip/TEMPTATIONS-16-Ounce-MixUps-Low-Calorie-Adult-Cat-Treats-SURFER-S-DELIGHT-Flavor-Tuna-Shrimp-and-Salmon-Pack-of-2/1892254927?classType=REGULAR",
    "currentPrice": "current price $26.74",
    "pricePerOz": "N/A",
    "pickup": "Free shipping, arrives in 3+ days",
    "delivery": "N/A",
    "shipping": "N/A"
  },
  {
    "ioId": "1SPBM0XKR8U9",
    "linkIdentifier": "2143327494",
    "text": "Dual Texture Calming Supplement for Cats (Chicken Flavor)",
    "href": "/ip/Dual-Texture-Calming-Supplement-for-Cats-Chicken-Flavor/2143327494?classType=REGULAR",
    "currentPrice": "current price $14.99",
    "pricePerOz": "N/A",
    "pickup": "Free shipping, arrives in 3+ days",
    "delivery": "N/A",
    "shipping": "N/A"
  },
  {
    "ioId": "20BPFD7T0BSQ",
    "linkIdentifier": "46154847",
    "text": "Yeowww! Catnip Tub, 2 oz",
    "href": "/ip/Yeowww-Catnip-Tub-2-oz/46154847?classType=REGULAR",
    "currentPrice": "current price $10.75",
    "pricePerOz": "$5.38/oz",
    "pickup": "Shipping, arrives in 2 days",
    "delivery": "N/A",
    "shipping": "N/A"
  },
  {
    "ioId": "2F6YLMIOM5BN",
    "linkIdentifier": "973284513",
    "text": "Pack of 15 - Purina Friskies Party Mix Crunch Morning Munch Cat Treats 2.1 oz. Pouch",
    "href": "/ip/Pack-of-15-Purina-Friskies-Party-Mix-Crunch-Morning-Munch-Cat-Treats-2-1-oz-Pouch/973284513?classType=REGULAR",
    "currentPrice": "current price $59.65",
    "pricePerOz": "N/A",
    "pickup": "Free shipping, arrives in 3+ days",
    "delivery": "N/A",
    "shipping": "N/A"
  },
  {
    "ioId": "6BK5TMZPZ10L",
    "linkIdentifier": "945401937",
    "text": "Blue Buffalo Wilderness High Protein Natural Crunchy Dry Cat Treats, Tasty Chicken, 2-oz. Bag",
    "href": "/ip/Blue-Buffalo-Wilderness-High-Protein-Crunchy-Cat-Treats-Tasty-Chicken-2-oz-Bag/945401937?classType=REGULAR",
    "currentPrice": "current price $5.50",
    "pricePerOz": "$2.75/oz",
    "pickup": "Shipping, arrives tomorrow",
    "delivery": "N/A",
    "shipping": "N/A"
  },
  {
    "ioId": "4F14U0Z3FESO",
    "linkIdentifier": "479002972",
    "text": "The Cat Ladies Organic Cat Grass Grow Bag Kit for Indoor Cats, 3 Pack",
    "href": "/ip/The-Cat-Ladies-Cat-Grass-Grow-Bag-Kit-3-Pack-Organic-Cat-Edible-Green-Grass/479002972?classType=REGULAR",
    "currentPrice": "current price $14.90",
    "pricePerOz": "N/A",
    "pickup": "Shipping, arrives in 2 days",
    "delivery": "N/A",
    "shipping": "N/A"
  },
  {
    "ioId": "2GYUEGE79EMY",
    "linkIdentifier": "47641995",
    "text": "Multipet Catnip Garden, Catnip Cup, Cat Toy, 2.5 oz",
    "href": "/ip/Multipet-Catnip-Garden-Catnip-Cup-Cat-Toy-2-5-oz/47641995?classType=REGULAR",
    "currentPrice": "current price $8.77",
    "pricePerOz": "N/A",
    "pickup": "Shipping, arrives tomorrow",
    "delivery": "N/A",
    "shipping": "N/A"
  },
  {
    "ioId": "7AQ2Y0LL8MAT",
    "linkIdentifier": "19669462",
    "text": "Cat A'Bout Cat Grass Plus, 150 Gram Tub",
    "href": "/ip/Cat-A-Bout-Cat-Grass-Plus-150-Gram-Tub/19669462?classType=REGULAR",
    "currentPrice": "current price $11.97",
    "pricePerOz": "N/A",
    "pickup": "Shipping, arrives tomorrow",
    "delivery": "N/A",
    "shipping": "N/A"
  },
  {
    "ioId": "3MPQT5N1N4WZ",
    "linkIdentifier": "48628159",
    "text": "NaturVet Skin & Coat Plus Omegas for Cats (60 Soft Chews)",
    "href": "/ip/NaturVet-Skin-Coat-Plus-Omegas-for-Cats-60-Soft-Chews/48628159?classType=REGULAR",
    "currentPrice": "current price $12.97",
    "pricePerOz": "N/A",
    "pickup": "Shipping, arrives in 2 days",
    "delivery": "N/A",
    "shipping": "N/A"
  },
  {
    "ioId": "392GU2YUMGP2",
    "linkIdentifier": "14608555973",
    "text": "Sheba Meaty Tender Sticks With Chicken Soft Cat Treats, 0.14 Oz, 15 Count",
    "href": "/ip/Sheba-Meaty-Tender-Stick-Chicken-15CT/14608555973?classType=REGULAR",
    "currentPrice": "current price $5.48",
    "pricePerOz": "$2.60/oz",
    "pickup": "Shipping, arrives tomorrow",
    "delivery": "N/A",
    "shipping": "N/A"
  },
  {
    "ioId": "69H9S3XUQ25D",
    "linkIdentifier": "12156659033",
    "text": "Hartz Delectables Chowder Lickable Wet HYZ01 Cat Treats for Kitten, Adult & Senior Cats, Tuna & Whitefish, 12 Count",
    "href": "/ip/Hartz-Delectables-Chowder-Lickable-Wet-HYZ01-Cat-Treats-for-Kitten-Adult-Senior-Cats-Tuna-Whitefish-12-Count/12156659033?classType=REGULAR",
    "currentPrice": "current price $14.99",
    "pricePerOz": "+$9.99 shipping",
    "pickup": "Shipping, arrives in 3+ days",
    "delivery": "N/A",
    "shipping": "N/A"
  },
  {
    "ioId": "4C4X41Q6OB95",
    "linkIdentifier": "10226070170",
    "text": "Hartz Delectables Stew Lickable Wet Cat Treats for Adult & Senior Cats, Variety Pack, 1.4 Ounce (Pack of 12) SHC70",
    "href": "/ip/Hartz-Delectables-Stew-Lickable-Wet-Cat-Treats-for-Adult-Senior-Cats-Variety-Pack-1-4-Ounce-Pack-of-12-SHC70/10226070170?classType=REGULAR",
    "currentPrice": "current price $20.00",
    "pricePerOz": "N/A",
    "pickup": "Free shipping, arrives in 3+ days",
    "delivery": "N/A",
    "shipping": "N/A"
  },
  {
    "ioId": "37XBV4W66VR9",
    "linkIdentifier": "8346703273",
    "text": "Temptations MixUps Crunchy and Soft Cat Treats Surfer's Delight Flavor, 16 oz. Tub",
    "href": "/ip/Temptations-MixUps-Crunchy-and-Soft-Cat-Treats-Surfer-s-Delight-Flavor-16-oz-Tub/8346703273?classType=REGULAR",
    "currentPrice": "N/A",
    "pricePerOz": "N/A",
    "pickup": "Free shipping, arrives in 3+ days",
    "delivery": "N/A",
    "shipping": "N/A"
  },
  {
    "ioId": "4DCSW363EGAT",
    "linkIdentifier": "12389662590",
    "text": "TEMPTATIONS Classic Crunchy and Soft Cat Treats Tasty Chicken Flavor, 16 Ounce (Pack of 1)",
    "href": "/ip/TEMPTATIONS-Classic-Crunchy-and-Soft-Cat-Treats-Tasty-Chicken-Flavor-16-Ounce-Pack-of-1/12389662590?classType=REGULAR",
    "currentPrice": "N/A",
    "pricePerOz": "N/A",
    "pickup": "Free shipping, arrives in 3+ days",
    "delivery": "N/A",
    "shipping": "N/A"
  },
  {
    "ioId": "7KMWKJXB3HR9",
    "linkIdentifier": "12389662586",
    "text": "TEMPTATIONS Classic Crunchy and Soft Cat Treats Feline Favorite Variety Pack, (4) 3 oz. Pouches",
    "href": "/ip/TEMPTATIONS-Classic-Crunchy-and-Soft-Cat-Treats-Feline-Favorite-Variety-Pack-4-3-oz-Pouches/12389662586?classType=REGULAR",
    "currentPrice": "current price $15.99",
    "pricePerOz": "N/A",
    "pickup": "Free shipping, arrives in 3+ days",
    "delivery": "N/A",
    "shipping": "N/A"
  },
  {
    "ioId": "0VQEMSXG5Q9T",
    "linkIdentifier": "425978905",
    "text": "Meow Mix Irresistibles Soft Cat Treats, Salmon, 3 Ounces (Pack of 5)",
    "href": "/ip/Meow-Mix-Irresistibles-Soft-Cat-Treats-Salmon-3-Ounces-Pack-of-5/425978905?classType=REGULAR",
    "currentPrice": "current price $10.50",
    "pricePerOz": "$3.50/oz",
    "pickup": "Shipping, arrives in 3+ days",
    "delivery": "N/A",
    "shipping": "N/A"
  },
  {
    "ioId": "5V5AZJJLTIYS",
    "linkIdentifier": "1572652202",
    "text": "Cat Candygelatin Catmint Toys Chew Nutrition Energy Lickable Fish Catniplicking Isinglass Treats Snacks",
    "href": "/ip/Cat-Candygelatin-Catmint-Toys-Chew-Nutrition-Energy-Lickable-Fish-Catniplicking-Isinglass-Treats-Snacks/1572652202?classType=REGULAR",
    "currentPrice": "current price $11.99",
    "pricePerOz": "+$5.77 shipping",
    "pickup": "Shipping, arrives in 3+ days",
    "delivery": "N/A",
    "shipping": "N/A"
  },
  {
    "ioId": "7DSHSMYXTTOI",
    "linkIdentifier": "35446730",
    "text": "Imperial Cat 01175 Country Chicken Catnip Toy Cat n Around - Non Refillable - on Hang Tag",
    "href": "/ip/Imperial-Cat-01175-Country-Chicken-Catnip-Toy-Cat-n-Around-Non-Refillable-on-Hang-Tag/35446730?classType=REGULAR",
    "currentPrice": "current price $20.68",
    "pricePerOz": "N/A",
    "pickup": "Free shipping, arrives in 3+ days",
    "delivery": "N/A",
    "shipping": "N/A"
  },
  {
    "ioId": "1KXYKILPSPYG",
    "linkIdentifier": "9606262166",
    "text": "Hartz Delectables Stew Senior MMF7Cat Treat Variety Pack, 12 Count",
    "href": "/ip/Hartz-Delectables-Stew-Senior-MMF7-nbsp-Cat-Treat-Variety-Pack-12-Count/9606262166?classType=REGULAR",
    "currentPrice": "current price $22.00",
    "pricePerOz": "N/A",
    "pickup": "Free shipping, arrives in 3+ days",
    "delivery": "N/A",
    "shipping": "N/A"
  },
  {
    "ioId": "1GSBA002VUS9",
    "linkIdentifier": "1410530219",
    "text": "Purina (5 Pack) Cat Treats, Party Mix Mixed Grill Crunch, 5 - 2.1 oz. Pouches",
    "href": "/ip/Friskies-5-Pack-Cat-Treats-Party-Mix-Mixed-Grill-Crunch-5-2-1-oz-Pouches/1410530219?classType=REGULAR",
    "currentPrice": "current price $21.98",
    "pricePerOz": "N/A",
    "pickup": "Free shipping, arrives in 3+ days",
    "delivery": "N/A",
    "shipping": "N/A"
  },
  {
    "ioId": "1KQDBRUY2L3I",
    "linkIdentifier": "3763818928",
    "text": "INABA Churu Cat Treats, Grain-Free, Lickable, Squeezable Creamy Pure Cat Treat/Topper with Vitamin E & Taurine, 0.5 Ounces Each Tube, 40 Tubes, Chicken Variety Box",
    "href": "/ip/INABA-Churu-Cat-Treats-Grain-Free-Lickable-Squeezable-Creamy-Pure-Treat-Topper-Vitamin-E-Taurine-0-5-Ounces-Each-Tube-40-Tubes-Chicken-Variety-Box/3763818928?classType=REGULAR",
    "currentPrice": "current price $23.00",
    "pricePerOz": "N/A",
    "pickup": "Shipping, arrives in 2 days",
    "delivery": "N/A",
    "shipping": "N/A"
  },
  {
    "ioId": "1HF05FXKVKR2",
    "linkIdentifier": "11460452513",
    "text": "Hartz Delectables Stew Lickable Wet Cat Treats for Adult & Senior Cats, Tuna & Whitefish, 12 Count",
    "href": "/ip/Hartz-Delectables-Stew-Lickable-Wet-Cat-Treats-for-Adult-Senior-Cats-Tuna-Whitefish-12-Count/11460452513?classType=REGULAR",
    "currentPrice": "N/A",
    "pricePerOz": "N/A",
    "pickup": "Free shipping, arrives in 3+ days",
    "delivery": "N/A",
    "shipping": "N/A"
  },
  {
    "ioId": "5DQMBVQEOK3R",
    "linkIdentifier": "9782256931",
    "text": "TEMPTATIONS MixUps Crunchy and Soft Cat Treats, Surfer's Delight Flavor, 30 oz. Tub (Packaging may vary) SHC10",
    "href": "/ip/TEMPTATIONS-MixUps-Crunchy-and-Soft-Cat-Treats-Surfer-s-Delight-Flavor-30-oz-Tub-Packaging-may-vary-SHC10/9782256931?classType=REGULAR",
    "currentPrice": "N/A",
    "pricePerOz": "N/A",
    "pickup": "Free shipping, arrives in 3+ days",
    "delivery": "N/A",
    "shipping": "N/A"
  },
  {
    "ioId": "1L8BL0AQA1Z3",
    "linkIdentifier": "581933708",
    "text": "Catit Creamy Treat Tube, Salmon 30 Pack",
    "href": "/ip/Catit-Creamy-Lickable-Cat-Treats-Tube-Salmon-30-Pack/581933708?classType=REGULAR",
    "currentPrice": "current price Now $23.35",
    "pricePerOz": "$35.10",
    "pickup": "Free shipping, arrives in 3+ days",
    "delivery": "N/A",
    "shipping": "N/A"
  },
  {
    "ioId": "6D6Y61FCN01T",
    "linkIdentifier": "300929545",
    "text": "Hartz Delectables Squeeze Up Interactive Lickable Wet Cat Treats Chicken 32",
    "href": "/ip/Hartz-Delectables-Squeeze-Up-Interactive-Lickable-Wet-Cat-Treats-Chicken-32/300929545?classType=REGULAR",
    "currentPrice": "current price $27.90",
    "pricePerOz": "N/A",
    "pickup": "Free shipping, arrives in 3+ days",
    "delivery": "N/A",
    "shipping": "N/A"
  },
  {
    "ioId": "1UFDMOYG2FWP",
    "linkIdentifier": "283742936",
    "text": "Catit Creamy, Natural Lickable Cat Treat, 15 Pack",
    "href": "/ip/Catit-Creamy-Natural-Lickable-Cat-Treat-15-Pack/283742936?classType=REGULAR",
    "currentPrice": "current price $28.30",
    "pricePerOz": "N/A",
    "pickup": "Free shipping, arrives in 3+ days",
    "delivery": "N/A",
    "shipping": "N/A"
  },
  {
    "ioId": "6F0JYP0BE8YP",
    "linkIdentifier": "5285548911",
    "text": "Hartz Delectables Squeeze Up Interactive Lickable Wet Cat Treats for Adult & Senior Cats, Tuna, 4 Count (Pack of 8)",
    "href": "/ip/Hartz-Delectables-Squeeze-Up-Interactive-Lickable-Wet-Cat-Treats-for-Adult-Senior-Cats-Tuna-4-Count-Pack-of-8/5285548911?classType=REGULAR",
    "currentPrice": "N/A",
    "pricePerOz": "N/A",
    "pickup": "Free shipping, arrives in 3+ days",
    "delivery": "N/A",
    "shipping": "N/A"
  },
  {
    "ioId": "1SBKPH8GY155",
    "linkIdentifier": "10048955237",
    "text": "INABA Churu for Skin and Coat Lickable Pure Natural Cat Treats with Omega Oils, Taurine and Green Tea, 0.5 Ounces Each - Tuna Recipe (12 Tubes)",
    "href": "/ip/INABA-Churu-for-Skin-and-Coat-Lickable-Pur-e-Natural-Cat-Treats-with-Omega-Oils-Taurine-and-Green-Tea-0-5-Ounces-Each-Tuna-Recipe-12-Tubes/10048955237?classType=REGULAR&athbdg=L1700",
    "currentPrice": "current price Now $28.83",
    "pricePerOz": "$33.79",
    "pickup": "Free shipping, arrives in 3+ days",
    "delivery": "N/A",
    "shipping": "N/A"
  },
  {
    "ioId": "16YWTIKHBSSK",
    "linkIdentifier": "5217745332",
    "text": "Delectables Squeeze Up With Chicken (Pack of 2)",
    "href": "/ip/Delectables-Squeeze-Up-With-Chicken-Pack-of-2/5217745332?classType=REGULAR",
    "currentPrice": "current price $29.90",
    "pricePerOz": "N/A",
    "pickup": "Free shipping, arrives in 3+ days",
    "delivery": "N/A",
    "shipping": "N/A"
  },
  {
    "ioId": "1DXTOB9RD5VB",
    "linkIdentifier": "10051963735",
    "text": "INABA Churu for Senior 10+, Creamy Lickable Cat Treats with Taurine, Vitamin E & C, 0.5 ounces Each, 24 Tubes (4 per Pack), Tuna Recipe",
    "href": "/ip/INABA-Churu-for-Senior-10-Creamy-Lickable-Cat-Treats-with-Taurine-Vitamin-E-C-0-5-ounces-Each-24-Tubes-4-per-Pack-Tuna-Recipe/10051963735?classType=REGULAR",
    "currentPrice": "current price $34.29",
    "pricePerOz": "N/A",
    "pickup": "Free shipping, arrives in 3+ days",
    "delivery": "N/A",
    "shipping": "N/A"
  },
  {
    "ioId": "3TLDSYVBGRGI",
    "linkIdentifier": "460445418",
    "text": "Catit Creamy Lickable Cat Treat Tube, Chicken/Liver, 30 Pack",
    "href": "/ip/Catit-Creamy-Lickable-Cat-Treat-Tube-Chicken-Liver-30-Pack/460445418?classType=REGULAR",
    "currentPrice": "current price $31.99",
    "pricePerOz": "N/A",
    "pickup": "Shipping, arrives in 2 days",
    "delivery": "N/A",
    "shipping": "N/A"
  },
  {
    "ioId": "2RX0LXIMY33D",
    "linkIdentifier": "521691948",
    "text": "Purina Friskies Natural Cat Treats, Party Mix Natural Yums With Real Chicken & Vitamins, Minerals & Nutrients - 6 oz. Pouch",
    "href": "/ip/Purina-Friskies-Natural-Cat-Treats-Party-Mix-Natural-Yums-With-Real-Chicken-Vitamins-Minerals-Nutrients-6-oz-Pouch/521691948?classType=REGULAR",
    "currentPrice": "current price $37.33",
    "pricePerOz": "77.0 ¢/oz",
    "pickup": "Free shipping, arrives in 3+ days",
    "delivery": "N/A",
    "shipping": "N/A"
  },
  {
    "ioId": "1F12BYQOSLOB",
    "linkIdentifier": "10070060740",
    "text": "INABA Churu Cat Treats, Grain-Free, Lickable, Squeezable Creamy Pure Cat Treat/Topper with Vitamin E & Taurine, 0.5 Ounces Each Tube, 24 Tubes (4 per Pack), Chicken Recipe",
    "href": "/ip/INABA-Churu-Cat-Treats-Grain-Free-Lickable-Squeezable-Creamy-Pur-e-Treat-Topper-Vitamin-E-Taurine-0-5-Ounces-Each-Tube-24-Tubes-4-per-Pack-Chicken-Re/10070060740?classType=REGULAR",
    "currentPrice": "N/A",
    "pricePerOz": "N/A",
    "pickup": "Free shipping, arrives in 3+ days",
    "delivery": "N/A",
    "shipping": "N/A"
  },
  {
    "ioId": "2OVINDVC8HXS",
    "linkIdentifier": "11700120578",
    "text": "Hartz Delectables Squeeze Up Interactive Lickable Wet Cat Treats for Adult & Senior Cats, Tuna, 32 Count",
    "href": "/ip/Hartz-Delectables-Squeeze-Up-Interactive-Lickable-Wet-Cat-Treats-for-Adult-Senior-Cats-Tuna-32-Count/11700120578?classType=REGULAR",
    "currentPrice": "current price $31.25",
    "pricePerOz": "N/A",
    "pickup": "Free shipping, arrives in 3+ days",
    "delivery": "N/A",
    "shipping": "N/A"
  },
  {
    "ioId": "23AVAHSW041D",
    "linkIdentifier": "3156423924",
    "text": "INABA Churu Cat Treats, Grain-Free, Lickable, Squeezable Creamy Pure Cat Treat with Taurine & Vitamin E, 0.5 Ounces Each Tube, 50 Tubes Total",
    "href": "/ip/INABA-Churu-Cat-Treats-Grain-Free-Lickable-Squeezable-Creamy-Pure-Cat-Treat-with-Taurine-Vitamin-E-0-5-Ounces-Each-Tube-50-Tubes-Total/3156423924?classType=REGULAR",
    "currentPrice": "current price $40.98",
    "pricePerOz": "N/A",
    "pickup": "Free shipping, arrives in 3+ days",
    "delivery": "N/A",
    "shipping": "N/A"
  },
  {
    "ioId": "0W86RQLD3P91",
    "linkIdentifier": "10977611397",
    "text": "Hartz Delectables Stew Lickable Wet Cat Treats for Adult & Senior Cats, Variety Pack, 30 Count YUN14 ESN4",
    "href": "/ip/Hartz-Delectables-Stew-Lickable-Wet-Cat-Treats-for-Adult-Senior-Cats-Variety-Pack-30-Count-YUN14-ESN4/10977611397?classType=REGULAR",
    "currentPrice": "current price $44.00",
    "pricePerOz": "N/A",
    "pickup": "Free shipping, arrives in 3+ days",
    "delivery": "N/A",
    "shipping": "N/A"
  },
  {
    "ioId": "1FB8NBRXT2IW",
    "linkIdentifier": "7198115714",
    "text": "INABA Churu Cat Treats, Lickable, Squeezable Creamy Pure with Vitamin E, 0.5 Ounces per Tube, 100 Tubes Total, Tuna Variety",
    "href": "/ip/INABA-Churu-Cat-Treats-Lickable-Squeezable-Creamy-Pur-e-with-Vitamin-E-0-5-Ounces-per-Tube-100-Tubes-Total-Tuna-Variety/7198115714?classType=REGULAR",
    "currentPrice": "current price $54.99",
    "pricePerOz": "$1.10/oz",
    "pickup": "Free shipping, arrives tomorrow",
    "delivery": "N/A",
    "shipping": "N/A"
  },
  {
    "ioId": "6HO31ZNTJCP3",
    "linkIdentifier": "146420482",
    "text": "Temptations Treats for Cats Hearty Beef Flavor 3 oz (Pack of 36)",
    "href": "/ip/TEMPTATIONS-Classic-Treats-for-Cats-Hearty-Beef-Flavor/146420482?classType=REGULAR",
    "currentPrice": "current price $106.63",
    "pricePerOz": "N/A",
    "pickup": "Free shipping, arrives in 3+ days",
    "delivery": "N/A",
    "shipping": "N/A"
  },
  {
    "ioId": "3CNFYRPZOYEP",
    "linkIdentifier": "2931741214",
    "text": "Purina Friskies Pureed Cat Food Toppers, Lil Shakes with Scrumptious Salmon Lickable Cat Treats, 1.55 oz Pouch",
    "href": "/ip/Purina-Friskies-Cat-Complement-Lil-Shakes-With-Scrumptious-Salmon-Puree-Cat-Food-Topper/2931741214?classType=REGULAR",
    "currentPrice": "current price $17.77",
    "pricePerOz": "71.7 ¢/oz",
    "pickup": "Shipping, arrives tomorrow",
    "delivery": "N/A",
    "shipping": "N/A"
  },
  {
    "ioId": "6VLH3IUFRU10",
    "linkIdentifier": "928848471",
    "text": "Purina Friskies Party Mix Gravy-licious, Cat Treats, Chicken & Gravy, (6) 6 oz Bags",
    "href": "/ip/Purina-Friskies-Cat-Treats-Party-Mix-Gravy-licious-Crunch-Turkey-and-Gravy-Flavors/928848471?classType=REGULAR",
    "currentPrice": "current price $22.07",
    "pricePerOz": "61.3 ¢/oz",
    "pickup": "Free shipping, arrives in 3+ days",
    "delivery": "N/A",
    "shipping": "N/A"
  },
  {
    "ioId": "4M6DMMQTCE6X",
    "linkIdentifier": "283324499",
    "text": "Fancy Feast Grain Free Cat Food Complements, Seafood Bisque & Real Crab, 1.4 oz. Pouches, 16 Count",
    "href": "/ip/16-Pack-Fancy-Feast-Grain-Free-Cat-Food-Complements-Broths-Seafood-Bisque-Accents-of-Real-Crab-1-4-oz-Pouches/283324499?classType=REGULAR",
    "currentPrice": "current price $23.68",
    "pricePerOz": "$1.06/oz",
    "pickup": "Shipping, arrives tomorrow",
    "delivery": "N/A",
    "shipping": "N/A"
  },
  {
    "ioId": "6XMW3WXGT5UP",
    "linkIdentifier": "8110824",
    "text": "SmartyKat Sweet Greens Easy-to-Grow Cat Grass Grow Kit",
    "href": "/ip/SmartyKat-Sweet-Greens-Easy-to-Grow-Cat-Grass-Grow-Kit/8110824?classType=REGULAR",
    "currentPrice": "current price $10.99",
    "pricePerOz": "$10.99/oz",
    "pickup": "Free shipping, arrives in 3+ days",
    "delivery": "N/A",
    "shipping": "N/A"
  },
  {
    "ioId": "7ISP5F8UL2Z4",
    "linkIdentifier": "425357000",
    "text": "Solliquin Soft Chews Calming for Small & Medium Dogs & Cats 75ct",
    "href": "/ip/Solliquin-Soft-Chews-Calming-for-Small-Medium-Dogs-Cats-75ct/425357000?classType=REGULAR&athbdg=L1600",
    "currentPrice": "current price $19.99",
    "pricePerOz": "N/A",
    "pickup": "Free shipping available",
    "delivery": "N/A",
    "shipping": "N/A"
  },
  {
    "ioId": "57AZ9RMDHJAM",
    "linkIdentifier": "907587543",
    "text": "TEMPTATIONS Classic Crunchy and Soft Cat Treats",
    "href": "/ip/TEMPTATIONS-Classic-Crunchy-and-Soft-Cat-Treats/907587543?classType=REGULAR",
    "currentPrice": "current price Now $19.99",
    "pricePerOz": "$22.98",
    "pickup": "Shipping, arrives in 3+ days",
    "delivery": "N/A",
    "shipping": "N/A"
  },
  {
    "ioId": "213JMDXJB88N",
    "linkIdentifier": "106182801",
    "text": "Whiskas Temptations Classic Cat Treats 6.3 Ounce (Pack of 8)",
    "href": "/ip/Wiskas-Temt-Mega-Seafood/106182801?classType=REGULAR",
    "currentPrice": "current price $44.55",
    "pricePerOz": "N/A",
    "pickup": "Free shipping, arrives in 3+ days",
    "delivery": "N/A",
    "shipping": "N/A"
  },
  {
    "ioId": "75QAXJWCCU7I",
    "linkIdentifier": "1591822593",
    "text": "Blue Buffalo Wilderness Grain Free Soft-Moist Cat Treats, Chicken & Salmon 2-oz Bag",
    "href": "/ip/Blue-Buffalo-Wilderness-Grain-Free-Soft-Moist-Cat-Treats-Chicken-Salmon-2-oz-Bag/1591822593?classType=REGULAR",
    "currentPrice": "current price $5.40",
    "pricePerOz": "N/A",
    "pickup": "Free shipping, arrives in 2 days",
    "delivery": "N/A",
    "shipping": "N/A"
  },
  {
    "ioId": "6SJL38ASRDYA",
    "linkIdentifier": "990232407",
    "text": "The Cat Ladies Cat Grass Refill Kit - 100% Organic, Non-GMO Seeds - Natural Hairball Control, 3 Pack",
    "href": "/ip/The-Cat-Ladies-Cat-Grass-Refill-Kit-100-Organic-Non-GMO-Seeds-Natural-Hairball-Control-3-Pack/990232407?classType=REGULAR",
    "currentPrice": "current price $11.90",
    "pricePerOz": "N/A",
    "pickup": "Shipping, arrives in 2 days",
    "delivery": "N/A",
    "shipping": "N/A"
  },
  {
    "ioId": "6TR9C5V0TVVQ",
    "linkIdentifier": "9631802414",
    "text": "Delectables 032700129958 - Gravy Non Seafood Variety Pack",
    "href": "/ip/Delectables-032700129958-Gravy-Non-Seafood-Variety-Pack/9631802414?classType=REGULAR",
    "currentPrice": "current price $24.75",
    "pricePerOz": "N/A",
    "pickup": "Free shipping, arrives in 3+ days",
    "delivery": "N/A",
    "shipping": "N/A"
  },
  {
    "ioId": "2X2DP26AY0LC",
    "linkIdentifier": "801979055",
    "text": "Purina Friskies Made in USA Facilities Cat Treats, Party Mix Beachside Crunch - 30 oz. Pouch",
    "href": "/ip/Purina-Friskies-Made-in-USA-Facilities-Cat-Treats-Party-Mix-Beachside-Crunch-30-oz-Pouch/801979055?classType=REGULAR",
    "currentPrice": "current price $19.00",
    "pricePerOz": "N/A",
    "pickup": "Free shipping, arrives in 3+ days",
    "delivery": "N/A",
    "shipping": "N/A"
  },
  {
    "ioId": "58VRS6JS0BTF",
    "linkIdentifier": "14900806844",
    "text": "FELINE GREENIES SMARTBITES Skin & Fur Health Crunchy and Soft Textured Adult Natural Cat Treats, Chicken Flavor, 16 oz. Tub E11",
    "href": "/ip/FELINE-GREENIES-SMARTBITES-Skin-Fur-Health-Crunchy-and-Soft-Textured-Adult-Natural-Cat-Treats-Chicken-Flavor-16-oz-Tub-E11/14900806844?classType=undefined",
    "currentPrice": "N/A",
    "pricePerOz": "N/A",
    "pickup": "N/A",
    "delivery": "N/A",
    "shipping": "N/A"
  },
  {
    "ioId": "5CA882N9BB4Z",
    "linkIdentifier": "5212893403",
    "text": "Hartz Delectables Squeeze up with Chicken (Pack of 20)",
    "href": "/ip/Delectables-Squeeze-Up-With-Chicken-Pack-of-20/5212893403?classType=REGULAR",
    "currentPrice": "current price $60.87",
    "pricePerOz": "N/A",
    "pickup": "N/A",
    "delivery": "N/A",
    "shipping": "N/A"
  },
  {
    "ioId": "625PNVAWF0XU",
    "linkIdentifier": "5267352971",
    "text": "Hartz Delectables Squeeze up with Chicken (Pack of 24)",
    "href": "/ip/Delectables-Squeeze-Up-With-Chicken-Pack-of-24/5267352971?classType=REGULAR",
    "currentPrice": "current price $72.91",
    "pricePerOz": "N/A",
    "pickup": "N/A",
    "delivery": "N/A",
    "shipping": "N/A"
  },
  {
    "ioId": "3N5R9O5802O0",
    "linkIdentifier": "5273366155",
    "text": "Delectables Squeeze Up With Chicken (Pack of 32)",
    "href": "/ip/Delectables-Squeeze-Up-With-Chicken-Pack-of-32/5273366155?classType=REGULAR",
    "currentPrice": "current price $92.97",
    "pricePerOz": "N/A",
    "pickup": "N/A",
    "delivery": "N/A",
    "shipping": "N/A"
  },
  {
    "ioId": "74MTK8JNAKPU",
    "linkIdentifier": "48003843",
    "text": "Purebites Salmon Cat Treats, 0.92 Ounce",
    "href": "/ip/Purebites-Salmon-Cat-Treats-0-92-Ounce/48003843?classType=REGULAR",
    "currentPrice": "current price $9.55",
    "pricePerOz": "N/A",
    "pickup": "Shipping, arrives in 2 days",
    "delivery": "N/A",
    "shipping": "N/A"
  },
  {
    "ioId": "6K8N4R8ZTQSN",
    "linkIdentifier": "1108612263",
    "text": "Puree Cat Treat Vrty Pack 48ct tub",
    "href": "/ip/Puree-Cat-Treat-Vrty-Pack-48ct-tub/1108612263?classType=REGULAR",
    "currentPrice": "current price $30.00",
    "pricePerOz": "N/A",
    "pickup": "Shipping, arrives in 2 days",
    "delivery": "N/A",
    "shipping": "N/A"
  },
  {
    "ioId": "5CVQ85XA5WS8",
    "linkIdentifier": "729340443",
    "text": "Purina Friskies Cat Treats, Party Mix Gravy-licious Crunch Chicken and Gravy Flavors",
    "href": "/ip/Purina-Friskies-Cat-Treats-Party-Mix-Gravy-licious-Crunch-Chicken-and-Gravy-Flavors/729340443?classType=REGULAR",
    "currentPrice": "N/A",
    "pricePerOz": "N/A",
    "pickup": "Free shipping, arrives in 3+ days",
    "delivery": "N/A",
    "shipping": "N/A"
  },
  {
    "ioId": "3YI45VK0YIWJ",
    "linkIdentifier": "21940528",
    "text": "OurPets PREMIUM North-American Grown Catnip 2.25 oz Jar Cosmic Catnip for Cats",
    "href": "/ip/Ourpets-Premium-North-American-Grown-Catnip-2-25-oz-Jar/21940528?classType=REGULAR",
    "currentPrice": "current price Now $9.72",
    "pricePerOz": "$10.83",
    "pickup": "Free shipping, arrives in 3+ days",
    "delivery": "N/A",
    "shipping": "N/A"
  },
  {
    "ioId": "4JQZ8EI12T68",
    "linkIdentifier": "20743443",
    "text": "Temptations Mixups, Crunchy And Soft Cat Treats, Catnip Fever Flavor, 3 Oz Pouch",
    "href": "/ip/TEMP-MIXUPS-CATNIP-Cats/20743443?classType=REGULAR",
    "currentPrice": "current price $8.73",
    "pricePerOz": "$2.91/oz",
    "pickup": "Free shipping, arrives in 3+ days",
    "delivery": "N/A",
    "shipping": "N/A"
  },
  {
    "ioId": "4E2JKLDREKP4",
    "linkIdentifier": "947512695",
    "text": "Friskies Purina Party Mix Crunch Gravy-Licious (Pack of 10)",
    "href": "/ip/Purina-Friskies-Party-Mix-Crunch-Gravy-licious/947512695?classType=REGULAR",
    "currentPrice": "current price $28.39",
    "pricePerOz": "N/A",
    "pickup": "Free shipping, arrives in 3+ days",
    "delivery": "N/A",
    "shipping": "N/A"
  },
  {
    "ioId": "4RNL6X216IX2",
    "linkIdentifier": "14577650872",
    "text": "MerlinsMart Zine + Wellness Kittles Grain Free Cat Treats with Cranberries 3 Flavor Variety (1) Each: Chicken, Tuna, Salmon and Catnip Toy",
    "href": "/ip/MerlinsMart-Zine-Wellness-Kittles-Grain-Free-Cat-Treats-with-Cranberries-3-Flavor-Variety-1-Each-Chicken-Tuna-Salmon-2-Ounces-Catnip-Toy/14577650872?classType=REGULAR",
    "currentPrice": "current price Now $19.95",
    "pricePerOz": "$24.95",
    "pickup": "Shipping, arrives in 2 days",
    "delivery": "N/A",
    "shipping": "N/A"
  },
  {
    "ioId": "6REMA8AI9I87",
    "linkIdentifier": "2988184625",
    "text": "Pure Treats 0.8 oz Purebites Freeze Dried Cat Treats",
    "href": "/ip/Pure-Treats-0-8-oz-Purebites-Freeze-Dried-Cat-Treats/2988184625?classType=REGULAR",
    "currentPrice": "current price $15.57",
    "pricePerOz": "N/A",
    "pickup": "Shipping, arrives in 2 days",
    "delivery": "N/A",
    "shipping": "N/A"
  },
  {
    "ioId": "4DKCQ9M3VLJP",
    "linkIdentifier": "248452858",
    "text": "Temptations Treats for Cats.7 Flavors: Tantalizing Turkey, Chicken, Hearty Beef, Tuna, Creamy, Savory Salmon, Seafood Medley 3 oz",
    "href": "/ip/Temptations-Treats-for-Cats-7-Flavors-Tantalizing-Turkey-Chicken-Hearty-Beef-Tuna-Creamy-Savory-Salmon-Seafood-Medley-3-oz/248452858?classType=REGULAR",
    "currentPrice": "current price $27.95",
    "pricePerOz": "N/A",
    "pickup": "Free shipping, arrives in 3+ days",
    "delivery": "N/A",
    "shipping": "N/A"
  },
  {
    "ioId": "28HIYKGYOET7",
    "linkIdentifier": "9788373675",
    "text": "Cat Grass Teething Stick, Natural Dried Cat Grass Sticks Snacks for Cats, Edible Cat Treats for Teeth Cleaning and Hairball Removal",
    "href": "/ip/Cat-Grass-Teething-Stick-Natural-Dried-Cat-Grass-Sticks-Snacks-for-Cats-Edible-Cat-Treats-for-Teeth-Cleaning-and-Hairball-Removal/9788373675?classType=REGULAR&athbdg=L1400",
    "currentPrice": "current price Now $2.52",
    "pricePerOz": "$6.66",
    "pickup": "Shipping, arrives in 3+ days",
    "delivery": "N/A",
    "shipping": "N/A"
  },
  {
    "ioId": "52LC1ML35T47",
    "linkIdentifier": "605903074",
    "text": "Kitty City Catnip Premium Natural Catnip Bag",
    "href": "/ip/Kitty-City-Catnip-Premium-Natural-Catnip-Bag/605903074?classType=REGULAR",
    "currentPrice": "current price $10.06",
    "pricePerOz": "N/A",
    "pickup": "Shipping, arrives in 3+ days",
    "delivery": "N/A",
    "shipping": "N/A"
  },
  {
    "ioId": "1LYMWBZHBCZA",
    "linkIdentifier": "809142289",
    "text": "Temptation Classic Tasty Cat Treats Variety Pack 8 Flavors ( Tantalizing Turkey, Chicken, Hearty Beef, Tuna, Creamy Dairy, Blissful Catnip,Savory Salmon, Seafood Medley) 3oz Each with Petlewa Box",
    "href": "/ip/Temptation-Classic-Tasty-Cat-Treats-Variety-Pack-8-Flavors-Tantalizing-Turkey-Chicken-Hearty-Beef-Tuna-Creamy-Dairy-Blissful-Catnip-Savory-Salmon-Sea/809142289?classType=REGULAR",
    "currentPrice": "current price $32.95",
    "pricePerOz": "N/A",
    "pickup": "Free shipping, arrives in 3+ days",
    "delivery": "N/A",
    "shipping": "N/A"
  },
  {
    "ioId": "3O4CDLRIR50P",
    "linkIdentifier": "48627299",
    "text": "VetriScience Composure for Cats, Calming Behavior and Anxiety Support, Chicken Flavor, 30 Soft Chews",
    "href": "/ip/VetriScience-Composure-for-Cats-Calming-Behavior-and-Anxiety-Support-Chicken-Flavor-30-Soft-Chews/48627299?classType=REGULAR",
    "currentPrice": "current price $10.00",
    "pricePerOz": "N/A",
    "pickup": "Free shipping, arrives in 3+ days",
    "delivery": "N/A",
    "shipping": "N/A"
  },
  {
    "ioId": "5GIBO9SEHFU9",
    "linkIdentifier": "129717613",
    "text": "purina, kit & kaboodle, 16 Lb",
    "href": "/ip/purina-kit-kaboodle-16-Lb/129717613?classType=REGULAR",
    "currentPrice": "current price $31.44",
    "pricePerOz": "N/A",
    "pickup": "Free shipping, arrives in 3+ days",
    "delivery": "N/A",
    "shipping": "N/A"
  },
  {
    "ioId": "4LIU508QWPP1",
    "linkIdentifier": "119418398",
    "text": "Purina Friskies Lickable Cat Food Toppers Bits n Broth With Flaked Tuna in a Dreamy Broth",
    "href": "/ip/Purina-Friskies-Lil-Slurprises-Wet-Cat-Food-Tuna-in-Sauce-1-2-oz-Pouches-16-Pack/119418398?classType=REGULAR",
    "currentPrice": "current price $17.69",
    "pricePerOz": "92.1 ¢/oz",
    "pickup": "Shipping, arrives tomorrow",
    "delivery": "N/A",
    "shipping": "N/A"
  },
  {
    "ioId": "64A6X7S0B1M0",
    "linkIdentifier": "551939127",
    "text": "FELINE GREENIES Natural Dental Care Cat Treats, Catnip Flavor, All bag sizes",
    "href": "/ip/FELINE-GREENIES-Natural-Dental-Care-Cat-Treats-Catnip-Flavor-All-bag-sizes/551939127?classType=REGULAR",
    "currentPrice": "N/A",
    "pricePerOz": "N/A",
    "pickup": "Free shipping, arrives in 3+ days",
    "delivery": "N/A",
    "shipping": "N/A"
  },
  {
    "ioId": "4ZZU83POR8RA",
    "linkIdentifier": "8346751053",
    "text": "Hartz Delectables Stew Lickable Wet Cat Treats for Adult & Senior Cats, Variety Pack, 1.4 Ounce (Pack of 12)",
    "href": "/ip/Hartz-Delectables-Stew-Lickable-Wet-Cat-Treats-for-Adult-Senior-Cats-Variety-Pack-1-4-Ounce-Pack-of-12/8346751053?classType=REGULAR",
    "currentPrice": "current price $17.43",
    "pricePerOz": "N/A",
    "pickup": "Free shipping, arrives in 3+ days",
    "delivery": "N/A",
    "shipping": "N/A"
  },
  {
    "ioId": "6AUA92AB8KF5",
    "linkIdentifier": "1921862306",
    "text": "TEMPTATIONS Classic Crunchy and Soft Cat Treats Tempting Tuna Flavor, 16 oz.",
    "href": "/ip/TEMPTATIONS-Classic-Crunchy-and-Soft-Cat-Treats-Tempting-Tuna-Flavor-16-oz/1921862306?classType=REGULAR",
    "currentPrice": "N/A",
    "pricePerOz": "N/A",
    "pickup": "Free shipping, arrives in 3+ days",
    "delivery": "N/A",
    "shipping": "N/A"
  },
  {
    "ioId": "44KD6T41U6PX",
    "linkIdentifier": "136444902",
    "text": "petnc NATURAL CARE Hairball Soft Chews, All Cat, Chicken & Cheese, 90 Soft Chews, 4.3 oz (121.5 g)",
    "href": "/ip/petnc-NATURAL-CARE-Hairball-Soft-Chews-All-Cat-Chicken-Cheese-Flavor-90-Soft-Chews/136444902?classType=REGULAR",
    "currentPrice": "current price $8.89",
    "pricePerOz": "N/A",
    "pickup": "Free shipping, arrives in 3+ days",
    "delivery": "N/A",
    "shipping": "N/A"
  },
  {
    "ioId": "0TUF97LO45PK",
    "linkIdentifier": "158070382",
    "text": "TEMPTATIONS Classic Crunchy and Soft Cat Treats, Blissful Catnip Flavor, 16 oz.",
    "href": "/ip/TEMPTATIONS-Classic-Crunchy-and-Soft-Cat-Treats-Blissful-Catnip-Flavor-16-oz/158070382?classType=REGULAR",
    "currentPrice": "current price $12.55",
    "pricePerOz": "N/A",
    "pickup": "Free shipping, arrives in 3+ days",
    "delivery": "N/A",
    "shipping": "N/A"
  },
  {
    "ioId": "6O3FXTDUMAMD",
    "linkIdentifier": "328150144",
    "text": "Temptations Tuna Flavor Topper, Crunchy & Soft Treat for Cat, 0.425 oz. (4 Count)",
    "href": "/ip/Temptations-Creamy-Puree-With-Tuna-Lickable-Squeezable-Cat-Treats-4-Pack-Of-12G-Pouches/328150144?classType=REGULAR",
    "currentPrice": "current price Now $1.43",
    "pricePerOz": "$11.00",
    "pickup": "Shipping, arrives in 3+ days",
    "delivery": "N/A",
    "shipping": "N/A"
  },
  {
    "ioId": "68I1BH4D2JIA",
    "linkIdentifier": "348415926",
    "text": "(9 Pack) Sheba MeatyTender Sticks veritable Pack 5 Packs of 3 Flavor (3 Salmon, 3 Chicken, 3 Tuna) 45 Sticks",
    "href": "/ip/9-Pack-Sheba-MeatyTender-Sticks-veritable-Pack-5-Packs-of-3-Flavor-3-Salmon-3-Chicken-3-Tuna-45-Sticks/348415926?classType=REGULAR",
    "currentPrice": "current price $25.99",
    "pricePerOz": "N/A",
    "pickup": "Free shipping, arrives in 3+ days",
    "delivery": "N/A",
    "shipping": "N/A"
  },
  {
    "ioId": "6BMVQP4GC7SW",
    "linkIdentifier": "2498707293",
    "text": "TEMPTATIONS MIXUPS Crunchy and Soft Cat Treats Backyard Cookout Flavor, 16 oz. Tub",
    "href": "/ip/TEMPTATIONS-MIXUPS-Crunchy-and-Soft-Cat-Treats-Backyard-Cookout-Flavor-16-oz-Tub/2498707293?classType=REGULAR",
    "currentPrice": "current price $12.44",
    "pricePerOz": "N/A",
    "pickup": "Free shipping, arrives in 3+ days",
    "delivery": "N/A",
    "shipping": "N/A"
  },
  {
    "ioId": "40294PM17OW6",
    "linkIdentifier": "202963681",
    "text": "Orijen Regional Red Biologically Appropriate Beef, Boar, Goat, & Lamb Freeze Dried Cat Treats, 1.25 oz",
    "href": "/ip/Orijen-Regional-Red-Biologically-Appropriate-Beef-Boar-Goat-Lamb-Freeze-Dried-Cat-Treats-1-25-oz/202963681?classType=REGULAR",
    "currentPrice": "N/A",
    "pricePerOz": "N/A",
    "pickup": "Free shipping, arrives in 3+ days",
    "delivery": "N/A",
    "shipping": "N/A"
  },
  {
    "ioId": "7HQ1XFDXZEXT",
    "linkIdentifier": "47653371",
    "text": "Multipet Catnip Garden All Natural Loose Catnip Bag, 1 Ounce",
    "href": "/ip/Multipet-Catnip-Garden-All-Natural-Loose-Catnip-Bag-1-Ounce/47653371?classType=REGULAR",
    "currentPrice": "current price $4.74",
    "pricePerOz": "N/A",
    "pickup": "Shipping, arrives tomorrow",
    "delivery": "N/A",
    "shipping": "N/A"
  },
  {
    "ioId": "7BR374IMBGO9",
    "linkIdentifier": "784420849",
    "text": "The Cat Ladies Organic Cat Grass Growing Kit with Black Cat Mug Planter",
    "href": "/ip/The-Cat-Ladies-Organic-Cat-Grass-Growing-Kit-with-Black-Cat-Mug-Planter/784420849?classType=REGULAR",
    "currentPrice": "current price Now $16.92",
    "pricePerOz": "$19.90",
    "pickup": "Shipping, arrives in 2 days",
    "delivery": "N/A",
    "shipping": "N/A"
  },
  {
    "ioId": "2BET1LJ137GK",
    "linkIdentifier": "437012930",
    "text": "Sheba Meaty Tender Sticks 2 (5 count) tuna sticks, 2 (5 count) salmon sticks, and 2 (5 count) Chicken sticks, 30 sticks",
    "href": "/ip/Sheba-Meaty-Tender-Sticks-2-5-count-tuna-sticks-2-5-count-salmon-sticks-and-2-5-count-Chicken-sticks-30-sticks/437012930?classType=REGULAR",
    "currentPrice": "current price $22.99",
    "pricePerOz": "N/A",
    "pickup": "Free shipping, arrives in 3+ days",
    "delivery": "N/A",
    "shipping": "N/A"
  },
  {
    "ioId": "5VG0EGUR7NDS",
    "linkIdentifier": "421156943",
    "text": "Temptations Classic Crunchy and Soft Cat Treats, Seafood Medley Flavor, 30 oz.",
    "href": "/ip/Temptations-Classic-Crunchy-and-Soft-Cat-Treats-Seafood-Medley-Flavor-30-oz/421156943?classType=REGULAR",
    "currentPrice": "current price $23.00",
    "pricePerOz": "N/A",
    "pickup": "Free shipping, arrives in 3+ days",
    "delivery": "N/A",
    "shipping": "N/A"
  },
  {
    "ioId": "5P0I702Y6H0K",
    "linkIdentifier": "1106974346",
    "text": "Hartz Delectables Bisque Lickable Wet Cat Treat - Tuna & Salmon, 1.4oz (12 Pack)",
    "href": "/ip/Hartz-Delectables-Bisque-Lickable-Wet-Cat-Treat-Tuna-Salmon-1-4oz-12-Pack/1106974346?classType=REGULAR",
    "currentPrice": "current price $12.97",
    "pricePerOz": "N/A",
    "pickup": "Shipping, arrives tomorrow",
    "delivery": "N/A",
    "shipping": "N/A"
  },
  {
    "ioId": "4SNUJ6WZAUA8",
    "linkIdentifier": "6828812524",
    "text": "Delectables 3270015469 Variety Pack 12 Pouch 16.8 oz Lickable Bisque Cat Treats",
    "href": "/ip/Delectables-3270015469-Variety-Pack-12-Pouch-16-8-oz-Lickable-Bisque-Cat-Treats/6828812524?classType=REGULAR",
    "currentPrice": "current price Now $15.98",
    "pricePerOz": "$21.39",
    "pickup": "Shipping, arrives in 3+ days",
    "delivery": "N/A",
    "shipping": "N/A"
  },
  {
    "ioId": "37JBEJJXWM9H",
    "linkIdentifier": "381848586",
    "text": "Temptations Treats for Cats Hearty Beef Flavor 3 oz (Pack of 12)",
    "href": "/ip/TEMPTATIONS-Classic-Treats-for-Cats-Hearty-Beef-Flavor-Pack-of-12/381848586?classType=REGULAR",
    "currentPrice": "current price $40.48",
    "pricePerOz": "N/A",
    "pickup": "Free shipping, arrives in 3+ days",
    "delivery": "N/A",
    "shipping": "N/A"
  },
  {
    "ioId": "682GV3EFD9JC",
    "linkIdentifier": "2167237196",
    "text": "Fruitables - Cat Treats Salmon & cranberry - Case of 10-2.5 OZ",
    "href": "/ip/Fruitables-Cat-Treats-Salmon-cranberry-Case-of-10-2-5-OZ/2167237196?classType=REGULAR",
    "currentPrice": "current price $39.81",
    "pricePerOz": "N/A",
    "pickup": "Free shipping, arrives in 3+ days",
    "delivery": "N/A",
    "shipping": "N/A"
  },
  {
    "ioId": "4VDCQCQPJOS7",
    "linkIdentifier": "51550184",
    "text": "Purina DentaLife Cat Dental Treats, Tasty Chicken Flavor, 1.8 oz. Pouch",
    "href": "/ip/Purina-DentaLife-Cat-Dental-Treats-Tasty-Chicken-Flavor-1-8-oz-Pouch/51550184?classType=REGULAR",
    "currentPrice": "current price $8.20",
    "pricePerOz": "$4.56/oz",
    "pickup": "Shipping, arrives in 2 days",
    "delivery": "N/A",
    "shipping": "N/A"
  },
  {
    "ioId": "5K0W6AU2HYO0",
    "linkIdentifier": "7771519527",
    "text": "Greenies Feline Adult Natural Dental Cat Treats, Oven Roasted Chicken Flavor, 9.75 oz. Tub KK21 KK21",
    "href": "/ip/Greenies-Feline-Adult-Natural-Dental-Cat-Treats-Oven-Roasted-Chicken-Flavor-9-75-oz-Tub-KK21-KK21/7771519527?classType=REGULAR",
    "currentPrice": "current price $14.98",
    "pricePerOz": "N/A",
    "pickup": "Free shipping, arrives in 3+ days",
    "delivery": "N/A",
    "shipping": "N/A"
  },
  {
    "ioId": "2JMV5ZT8QFJC",
    "linkIdentifier": "3831217886",
    "text": "Bundle: Temptations Tasty Chicken Flavor 3.15 lb Dry Cat Food & 16oz Classic Crunchy and Soft Cat Treats",
    "href": "/ip/Bundle-Temptations-Tasty-Chicken-Flavor-3-15-lb-Dry-Cat-Food-16oz-Classic-Crunchy-and-Soft-Cat-Treats/3831217886?classType=REGULAR",
    "currentPrice": "current price $14.46",
    "pricePerOz": "N/A",
    "pickup": "Shipping, arrives tomorrow",
    "delivery": "N/A",
    "shipping": "N/A"
  },
  {
    "ioId": "69X9RLWPEBEV",
    "linkIdentifier": "3979056274",
    "text": "Hartz Delectables Non-Seafood Gravy Lickable Wet Cat Treats, Chicken & Turkey, 12 Count",
    "href": "/ip/Hartz-Delectables-Non-Seafood-Gravy-Lickable-Wet-Cat-Treats-Chicken-Turkey-12-Count/3979056274?classType=REGULAR",
    "currentPrice": "current price $13.21",
    "pricePerOz": "$9.44/oz",
    "pickup": "Shipping, arrives tomorrow",
    "delivery": "N/A",
    "shipping": "N/A"
  },
  {
    "ioId": "7DVG6S250536",
    "linkIdentifier": "1355921298",
    "text": "Temptations Jumbo Stuff Crunchy and Soft Cat Treats, Chicken Flavor, 14 oz.",
    "href": "/ip/Temptations-Jumbo-Stuff-Crunchy-and-Soft-Cat-Treats-Chicken-Flavor-14-oz/1355921298?classType=REGULAR",
    "currentPrice": "N/A",
    "pricePerOz": "N/A",
    "pickup": "Free shipping, arrives in 3+ days",
    "delivery": "N/A",
    "shipping": "N/A"
  },
  {
    "ioId": "4XT1XNGCM8SO",
    "linkIdentifier": "955521649",
    "text": "Feline Greenies Pill Pockets For Cats Natural Soft Dry Cat Treats, Catnip Flavor, 1.6 Oz Pack (45 Treats)",
    "href": "/ip/Greenies-Feline-Pill-Pockets-Catnip-Flavor-Treats-for-Cats-1-6-oz-Pouch/955521649?classType=REGULAR",
    "currentPrice": "current price $9.98",
    "pricePerOz": "$6.24/oz",
    "pickup": "Shipping, arrives tomorrow",
    "delivery": "N/A",
    "shipping": "N/A"
  },
  {
    "ioId": "70TOKQMLFB2F",
    "linkIdentifier": "25176547",
    "text": "KONG Naturals Premium Catnip, 2 Oz",
    "href": "/ip/KONG-Naturals-Premium-Catnip-2-Oz/25176547?classType=REGULAR",
    "currentPrice": "current price $18.99",
    "pricePerOz": "N/A",
    "pickup": "Free shipping, arrives in 3+ days",
    "delivery": "N/A",
    "shipping": "N/A"
  },
  {
    "ioId": "4D7KDTNIW5DW",
    "linkIdentifier": "840853932",
    "text": "Blue Buffalo Wilderness Chicken & Salmon Flavor Soft Treats for Cats, Grain-Free, 8 oz. Bag",
    "href": "/ip/Blue-Buffalo-Wilderness-Chicken-Salmon-Flavor-Soft-Treats-for-Cats-Grain-Free-8-oz-Bag/840853932?classType=REGULAR",
    "currentPrice": "N/A",
    "pricePerOz": "N/A",
    "pickup": "Free shipping, arrives in 3+ days",
    "delivery": "N/A",
    "shipping": "N/A"
  },
  {
    "ioId": "5KTG7MHHK28Y",
    "linkIdentifier": "3363606057",
    "text": "Purina Whisker Lickin's Crunch Lovers Tuna Flavored Cat Treats [Cat, Cat Treats] 1.7 oz",
    "href": "/ip/Purina-Whisker-Lickin-s-Crunch-Lovers-Tuna-Flavored-Cat-Treats-Cat-Cat-Treats-1-7-oz/3363606057?classType=REGULAR",
    "currentPrice": "current price $18.78",
    "pricePerOz": "N/A",
    "pickup": "N/A",
    "delivery": "N/A",
    "shipping": "N/A"
  },
  {
    "ioId": "3OLOD3KIUJ03",
    "linkIdentifier": "754076991",
    "text": "Friskies Cat Treats, Party Mix Lobster & Mac 'N' Cheese Flavors - (6) 6 oz. Pouches",
    "href": "/ip/Friskies-Cat-Treats-Party-Mix-Lobster-Mac-N-Cheese-Flavors-6-6-oz-Pouches/754076991?classType=REGULAR",
    "currentPrice": "N/A",
    "pricePerOz": "N/A",
    "pickup": "Free shipping, arrives in 3+ days",
    "delivery": "N/A",
    "shipping": "N/A"
  },
  {
    "ioId": "4XNHTD6CETOJ",
    "linkIdentifier": "52202711",
    "text": "Pet Naturals Daily Multivitamin for Cats Overall Wellbeing Chews, Chicken Liver, 30 Count Bag",
    "href": "/ip/Pet-Naturals-Daily-Multivitamin-for-Cats-Everyday-Health-Support-Chicken-Liver-Flavor-30-count/52202711?classType=REGULAR",
    "currentPrice": "current price $9.25",
    "pricePerOz": "$7.01/oz",
    "pickup": "Free shipping, arrives in 3+ days",
    "delivery": "N/A",
    "shipping": "N/A"
  },
  {
    "ioId": "70SX5VXANYTH",
    "linkIdentifier": "505724969",
    "text": "Purina Fancy Feast Appetizers Wet Cat Food, Steamed Alaskan Salmon, 1.1 oz Trays (10 Pack)",
    "href": "/ip/Purina-Fancy-Feast-Appetizers-Grain-Free-Wet-Cat-Food-Broth-Complement-Wild-Alaskan-Salmon-Appetizer-Topper/505724969?classType=REGULAR",
    "currentPrice": "current price $15.10",
    "pricePerOz": "$1.37/oz",
    "pickup": "Shipping, arrives tomorrow",
    "delivery": "N/A",
    "shipping": "N/A"
  },
  {
    "ioId": "0UU1RLBWPFZZ",
    "linkIdentifier": "8347416122",
    "text": "TEMPTATIONS Classic Crunchy and Soft Cat Treats Feline Favorite Variety Pack, 4 Count (Pack of 1)",
    "href": "/ip/TEMPTATIONS-Classic-Crunchy-and-Soft-Cat-Treats-Feline-Favorite-Variety-Pack-4-Count-Pack-of-1/8347416122?classType=REGULAR",
    "currentPrice": "current price $13.00",
    "pricePerOz": "+$9.99 shipping",
    "pickup": "Shipping, arrives in 3+ days",
    "delivery": "N/A",
    "shipping": "N/A"
  },
  {
    "ioId": "2M88RNO5TL4Z",
    "linkIdentifier": "267509480",
    "text": "TEMPTATIONS Classic Crunchy and Soft Cat Treats, 16 oz., Pouches and Tubs. Creamy Dairy Flavor",
    "href": "/ip/TEMPTATIONS-Classic-Crunchy-and-Soft-Cat-Treats-16-oz-Pouches-and-Tubs-Creamy-Dairy-Flavor/267509480?classType=REGULAR",
    "currentPrice": "N/A",
    "pricePerOz": "N/A",
    "pickup": "Free shipping, arrives in 3+ days",
    "delivery": "N/A",
    "shipping": "N/A"
  },
  {
    "ioId": "2M5YK4M5KKCO",
    "linkIdentifier": "417641410",
    "text": "Temptations Mixups Treats for Cats Catnip Fever 3 oz (Pack of 16)",
    "href": "/ip/TEMPTATIONS-MixUps-Treats-for-Cats-CATNIP-FEVER-Pack-of-16/417641410?classType=REGULAR",
    "currentPrice": "current price $51.16",
    "pricePerOz": "N/A",
    "pickup": "Free shipping, arrives in 3+ days",
    "delivery": "N/A",
    "shipping": "N/A"
  },
  {
    "ioId": "3E6SCZ5C8Y5S",
    "linkIdentifier": "3369905395",
    "text": "Hartz Delectables Gravy Lickable Wet Cat Treats, Tuna & Whitefish, 12 Count",
    "href": "/ip/Hartz-Delectables-Gravy-Lickable-Wet-Cat-Treats-Tuna-Whitefish-12-Count/3369905395?classType=REGULAR",
    "currentPrice": "current price $13.13",
    "pricePerOz": "$9.38/oz",
    "pickup": "Shipping, arrives tomorrow",
    "delivery": "N/A",
    "shipping": "N/A"
  },
  {
    "ioId": "5CDETQN386G4",
    "linkIdentifier": "5580009767",
    "text": "Hartz Delectables Lickable Spoon, Interactive Lickable Cat Treats for Quick & Easy Bonding, Salmon 32ct",
    "href": "/ip/Hartz-Delectables-Lickable-Spoon-Interactive-Lickable-Cat-Treats-for-Quick-Easy-Bonding-Salmon-32ct/5580009767?classType=REGULAR",
    "currentPrice": "current price $23.88",
    "pricePerOz": "74.6 ¢/count",
    "pickup": "Shipping, arrives tomorrow",
    "delivery": "N/A",
    "shipping": "N/A"
  },
  {
    "ioId": "1MOG027FQMYN",
    "linkIdentifier": "801328676",
    "text": "FELINE GREENIES Adult Dental Cat Treats, Savory Salmon Flavor, 21 oz Tub",
    "href": "/ip/FELINE-GREENIES-Adult-Dental-Cat-Treats-Savory-Salmon-Flavor-21-oz-Tub/801328676?classType=REGULAR",
    "currentPrice": "current price $29.80",
    "pricePerOz": "$1.42/oz",
    "pickup": "Shipping, arrives in 3+ days",
    "delivery": "N/A",
    "shipping": "N/A"
  },
  {
    "ioId": "72AXFVNCHO78",
    "linkIdentifier": "347871493",
    "text": "Temptations Savory Salmon Flavor Cat Treats 3 oz (Pack of 2)",
    "href": "/ip/Whiskas-Temptations-Savory-Salmon-Flavor-Cat-Treat-Pack-of-2/347871493?classType=REGULAR",
    "currentPrice": "current price $13.60",
    "pricePerOz": "N/A",
    "pickup": "Free shipping, arrives in 3+ days",
    "delivery": "N/A",
    "shipping": "N/A"
  },
  {
    "ioId": "301FXOK5HQKN",
    "linkIdentifier": "5257882179",
    "text": "Hartz Delectables Squeeze Up Tuna with Catnip Flavored Lickable Cat Treat, 32 Count",
    "href": "/ip/Hartz-Delectables-Squeeze-Up-Tuna-with-Catnip-Flavored-Lickable-Cat-Treat-32-Count/5257882179?classType=REGULAR",
    "currentPrice": "current price $17.49",
    "pricePerOz": "54.7 ¢/count",
    "pickup": "Shipping, arrives tomorrow",
    "delivery": "N/A",
    "shipping": "N/A"
  },
  {
    "ioId": "5W11LFIR9LK4",
    "linkIdentifier": "963655208",
    "text": "Blue Buffalo Bursts Cat Treats Savory Seafood 2 oz Pack of 2",
    "href": "/ip/Blue-Buffalo-Bursts-Cat-Treats-Savory-Seafood-2-oz-Pack-of-2/963655208?classType=REGULAR",
    "currentPrice": "current price $11.99",
    "pricePerOz": "N/A",
    "pickup": "Free shipping, arrives in 3+ days",
    "delivery": "N/A",
    "shipping": "N/A"
  },
  {
    "ioId": "4R3SPAI9F4E8",
    "linkIdentifier": "239626835",
    "text": "Purina Friskies Cat Treats Party Mix, 2 pk./20 oz.",
    "href": "/ip/Purina-Friskies-Cat-Treats-Party-Mix-2-pk-20-oz/239626835?classType=REGULAR",
    "currentPrice": "current price $25.00",
    "pricePerOz": "N/A",
    "pickup": "Shipping, arrives in 2 days",
    "delivery": "N/A",
    "shipping": "N/A"
  },
  {
    "ioId": "50J12Y0CFPW3",
    "linkIdentifier": "792070091",
    "text": "Purina Fancy Feast Appetizers Wet Cat Food, Oceanfish with Shrimp Topper, 1.1 oz Trays (10 Pack)",
    "href": "/ip/10-Pack-Fancy-Feast-Wet-Cat-Food-Complement-Appetizers-Oceanfish-With-a-Shrimp-Topper-in-Broth-1-1-oz-Trays/792070091?classType=REGULAR",
    "currentPrice": "current price $14.23",
    "pricePerOz": "$12.94/oz",
    "pickup": "Shipping, arrives tomorrow",
    "delivery": "N/A",
    "shipping": "N/A"
  },
  {
    "ioId": "1D75TEUOSO2W",
    "linkIdentifier": "239524758",
    "text": "Purina Friskies Lickable Wet Cat Food Toppers Lil' Bits n Broth with Saltwater Shrimp in a Dreamy Broth, 1.2 oz Pouches (16 Pack)",
    "href": "/ip/Purina-Friskies-Lil-Slurprises-Wet-Cat-Food-Shrimp-in-Sauce-1-2-oz-Pouches-16-Pack/239524758?classType=REGULAR",
    "currentPrice": "current price $17.94",
    "pricePerOz": "93.4 ¢/oz",
    "pickup": "Shipping, arrives tomorrow",
    "delivery": "N/A",
    "shipping": "N/A"
  },
  {
    "ioId": "539A5DXUZE1I",
    "linkIdentifier": "2856217296",
    "text": "TEMPTATIONS Creamy Puree with Chicken, Salmon, and Tuna Lickable Cat Treats 48ct Variety Pack, (2) 24-Packs of 12g Pouches",
    "href": "/ip/TEMPTATIONS-Creamy-Puree-with-Chicken-Salmon-and-Tuna-Lickable-Cat-Treats-48ct-Variety-Pack-2-24-Packs-of-12g-Pouches/2856217296?classType=REGULAR",
    "currentPrice": "N/A",
    "pricePerOz": "N/A",
    "pickup": "Free shipping, arrives in 3+ days",
    "delivery": "N/A",
    "shipping": "N/A"
  },
  {
    "ioId": "4GQCFHOBP6AP",
    "linkIdentifier": "247917242",
    "text": "Temptations Mixups Variety Pack Flavors Crunchy and Soft Cat Treats, 3 oz Pouches, 6 Pack",
    "href": "/ip/Temptations-Mixups-Variety-Pack-Flavors-Crunchy-and-Soft-Cat-Treats-3-oz-Pouches-6-Pack/247917242?classType=REGULAR",
    "currentPrice": "current price $15.48",
    "pricePerOz": "$5.16/oz",
    "pickup": "Shipping, arrives tomorrow",
    "delivery": "N/A",
    "shipping": "N/A"
  },
  {
    "ioId": "4RTIXTYZV6FD",
    "linkIdentifier": "10321410",
    "text": "Temptations Classic, Crunchy And Soft Cat Treats, Tantalizing Turkey, 3 oz Pouch",
    "href": "/ip/Whiskas-Whiskas-Temptations-Tantalizing-Turkey-Flavor-Whiskas-Temptations-3-Oz/10321410?classType=REGULAR",
    "currentPrice": "current price $8.82",
    "pricePerOz": "$2.94/oz",
    "pickup": "Free shipping, arrives in 3+ days",
    "delivery": "N/A",
    "shipping": "N/A"
  },
  {
    "ioId": "6VDAZ2X9GZXK",
    "linkIdentifier": "327303631",
    "text": "The Cat Ladies Organic Cat Grass Kit - With Organic Seed Mix, Soil, Ceramic Planter, Bamboo Tray",
    "href": "/ip/The-Cat-Ladies-Organic-Cat-Grass-Growing-Kit-with-Organic-Seed-Mix-Soil-and-Ceramic-Planter-with-Bamboo-Tray/327303631?classType=REGULAR",
    "currentPrice": "current price $28.99",
    "pricePerOz": "N/A",
    "pickup": "Shipping, arrives in 2 days",
    "delivery": "N/A",
    "shipping": "N/A"
  },
  {
    "ioId": "5GZRRVM86NHS",
    "linkIdentifier": "321082806",
    "text": "Friskies Party Mix Friskies Party Mix - Beachside Crunch - 2.1 Oz",
    "href": "/ip/Friskies-Party-Mix-Friskies-Party-Mix-Beachside-Crunch-2-1-Oz/321082806?classType=REGULAR",
    "currentPrice": "current price $8.69",
    "pricePerOz": "N/A",
    "pickup": "Free shipping, arrives in 3+ days",
    "delivery": "N/A",
    "shipping": "N/A"
  },
  {
    "ioId": "64KO56TPSYAS",
    "linkIdentifier": "225243290",
    "text": "Purina Friskies, Natural Cat Treats, Party Mix Natural Yums Catnip Flavor - (1) 6 oz. Pouch",
    "href": "/ip/Purina-Friskies-Party-Mix-Catnip-Flavor-for-Cats-6-oz-Pouches-6-Pack/225243290?classType=REGULAR",
    "currentPrice": "N/A",
    "pricePerOz": "N/A",
    "pickup": "Free shipping, arrives in 3+ days",
    "delivery": "N/A",
    "shipping": "N/A"
  },
  {
    "ioId": "6WB8JO6UXMAP",
    "linkIdentifier": "1899253346",
    "text": "Temptations Classic Crunchy and Soft Cat Treats, Shrimp Flavor, 16 oz.",
    "href": "/ip/Temptations-Classic-Crunchy-and-Soft-Cat-Treats-Shrimp-Flavor-16-oz/1899253346?classType=REGULAR",
    "currentPrice": "N/A",
    "pricePerOz": "N/A",
    "pickup": "Free shipping, arrives in 3+ days",
    "delivery": "N/A",
    "shipping": "N/A"
  },
  {
    "ioId": "54PQ9C4ETMXK",
    "linkIdentifier": "10318370",
    "text": "Temptations Indoor Care Treats for Adult Cats, Dry, Chicken Flavor, 2.1 oz, Plastic Pouch",
    "href": "/ip/Temptations-Indoor-Care-Crunchy-And-Soft-Cat-Treats-Chicken-Flavor-2-1-Oz-Pouch/10318370?classType=REGULAR",
    "currentPrice": "current price Now $5.89",
    "pricePerOz": "$25.69",
    "pickup": "Free shipping, arrives in 3+ days",
    "delivery": "N/A",
    "shipping": "N/A"
  },
  {
    "ioId": "4671JOFFQMI8",
    "linkIdentifier": "5689265348",
    "text": "Ultimate Pet Nutrition Nutra Bites Freeze Dried Raw Chicken Liver Cat Treats",
    "href": "/ip/Ultimate-Pet-Nutrition-Nutra-Bites-Freeze-Dried-Raw-Chicken-Liver-Cat-Treats/5689265348?classType=REGULAR",
    "currentPrice": "current price $15.99",
    "pricePerOz": "N/A",
    "pickup": "Shipping, arrives in 2 days",
    "delivery": "N/A",
    "shipping": "N/A"
  },
  {
    "ioId": "2EUY4ASOV3HV",
    "linkIdentifier": "627783741",
    "text": "Purina Friskies Lickable Cat Treats Lil' Bits n Broth with Shredded Chicken in a Dreamy Broth Cat Food Toppers, 1.2 oz Pouches (16 Pack)",
    "href": "/ip/Purina-Friskies-Lil-Slurprises-Wet-Cat-Food-Chicken-in-Sauce-1-2-oz-Pouches-16-Pack/627783741?classType=REGULAR",
    "currentPrice": "current price $17.86",
    "pricePerOz": "93.0 ¢/oz",
    "pickup": "Shipping, arrives tomorrow",
    "delivery": "N/A",
    "shipping": "N/A"
  },
  {
    "ioId": "6OULO3QKSV7P",
    "linkIdentifier": "904628621",
    "text": "Whiskas Cat Milk for Cats, Wet Cat Food, 6.75 fl oz Carton (24 Pack)",
    "href": "/ip/Whiskas-Cat-Milk-for-Cats-Cat-Food-6-75-fl-oz-Carton-24-Pack/904628621?classType=REGULAR",
    "currentPrice": "current price $38.99",
    "pricePerOz": "21.1 ¢/oz",
    "pickup": "Free shipping, arrives in 3+ days",
    "delivery": "N/A",
    "shipping": "N/A"
  },
  {
    "ioId": "3WM9U3JPW2A8",
    "linkIdentifier": "400343360",
    "text": "Purina Friskies Lickable Cat Food Toppers Lil' Bits n Broth with Surimi Whitefish in a Dreamy Broth, 1.2 oz Pouch (16 Pack)",
    "href": "/ip/Purina-Friskies-Lil-Slurprises-Wet-Cat-Food-Whitefish-in-Sauce-1-2-oz-Pouches-16-Pack/400343360?classType=REGULAR",
    "currentPrice": "current price $19.18",
    "pricePerOz": "99.9 ¢/oz",
    "pickup": "Shipping, arrives tomorrow",
    "delivery": "N/A",
    "shipping": "N/A"
  },
  {
    "ioId": "18734WBLZ3VS",
    "linkIdentifier": "2932720047",
    "text": "Temptations Creamy Puree With Cheese Lickable, Squeezable Cat Treats, 16-Pack Of 12G Pouches",
    "href": "/ip/Temptations-Creamy-Puree-With-Cheese-Lickable-Squeezable-Cat-Treats-16-Pack-Of-12G-Pouches/2932720047?classType=REGULAR",
    "currentPrice": "N/A",
    "pricePerOz": "N/A",
    "pickup": "Free shipping, arrives in 3+ days",
    "delivery": "N/A",
    "shipping": "N/A"
  },
  {
    "ioId": "4BN8YHHGMYFC",
    "linkIdentifier": "464095656",
    "text": "Temptations Tasty Chicken Flavor Cat Treats 6.3 oz (Pack of 4)",
    "href": "/ip/Temptations-Chicken-Flavor-Cat-Treats-Pack-of-4/464095656?classType=REGULAR",
    "currentPrice": "current price $27.86",
    "pricePerOz": "N/A",
    "pickup": "Free shipping, arrives in 3+ days",
    "delivery": "N/A",
    "shipping": "N/A"
  },
  {
    "ioId": "5E6TKDIMR0XW",
    "linkIdentifier": "560733638",
    "text": "Blue Buffalo Wilderness Crunchy Dry Cat Treats, Natural & Grain-Free, Chicken, 12-oz. Tub",
    "href": "/ip/Blue-Buffalo-Wilderness-Crunchy-Cat-Treats-Natural-Grain-Free-Chicken-12-oz-Tub/560733638?classType=REGULAR",
    "currentPrice": "current price $11.00",
    "pricePerOz": "91.7 ¢/oz",
    "pickup": "Shipping, arrives tomorrow",
    "delivery": "N/A",
    "shipping": "N/A"
  },
  {
    "ioId": "6419IH9ZE70O",
    "linkIdentifier": "705790533",
    "text": "\"I and love and you\" Meow and Zen Hearties Cat Treats, Chicken, Calming, 4oz Bag",
    "href": "/ip/I-and-love-and-you-Meow-and-Zen-Hearties-Cat-Treats-Chicken-Calming-4oz-Bag/705790533?classType=REGULAR",
    "currentPrice": "current price $9.35",
    "pricePerOz": "$2.34/oz",
    "pickup": "Shipping, arrives tomorrow",
    "delivery": "N/A",
    "shipping": "N/A"
  },
  {
    "ioId": "51KSVGAMTC3D",
    "linkIdentifier": "2162770762",
    "text": "Temptations Creamy Puree With Beef Liver And With Cheese Variety Pack Of Lickable, Squeezable Cat Treats, 24-Pack Of 12G Pouches",
    "href": "/ip/Temptations-Creamy-Puree-With-Beef-Liver-And-With-Cheese-Variety-Pack-Of-Lickable-Squeezable-Cat-Treats-24-Pack-Of-12G-Pouches/2162770762?classType=REGULAR",
    "currentPrice": "N/A",
    "pricePerOz": "N/A",
    "pickup": "Free shipping, arrives in 3+ days",
    "delivery": "N/A",
    "shipping": "N/A"
  },
  {
    "ioId": "25FM3LCJ03ZZ",
    "linkIdentifier": "959236691",
    "text": "Purina Friskies Lil' Gravies Lickable Cat Treats, Soft Salmon, 1.55 oz Pouches, 16 Pack",
    "href": "/ip/Purina-Friskies-Lil-Gravies-Lickable-Cat-Treats-Soft-Salmon-Snacks-1-55-oz-Pouches-16-Pack/959236691?classType=REGULAR",
    "currentPrice": "current price $18.82",
    "pricePerOz": "75.9 ¢/oz",
    "pickup": "Shipping, arrives tomorrow",
    "delivery": "N/A",
    "shipping": "N/A"
  },
  {
    "ioId": "5I3OA3NMEXOI",
    "linkIdentifier": "3033898715",
    "text": "Friskies Party Mix Naturals Cat Treats Real Tuna, 6 oz",
    "href": "/ip/Friskies-Party-Mix-Naturals-Cat-Treats-Real-Tuna-6-oz/3033898715?classType=REGULAR",
    "currentPrice": "current price Now $7.49",
    "pricePerOz": "$12.49",
    "pickup": "Shipping, arrives in 3+ days",
    "delivery": "N/A",
    "shipping": "N/A"
  },
  {
    "ioId": "6JQ0LV1QRQW8",
    "linkIdentifier": "8346753870",
    "text": "Greenies Feline Adult Natural Dental Care Cat Treats Oven Roasted Chicken Flavor, 21 oz. Tub",
    "href": "/ip/Greenies-Feline-Adult-Natural-Dental-Care-Cat-Treats-Oven-Roasted-Chicken-Flavor-21-oz-Tub/8346753870?classType=REGULAR",
    "currentPrice": "current price $26.00",
    "pricePerOz": "+$9.99 shipping",
    "pickup": "Shipping, arrives in 3+ days",
    "delivery": "N/A",
    "shipping": "N/A"
  },
  {
    "ioId": "3E81C0O7SZCJ",
    "linkIdentifier": "1313021906",
    "text": "Feline Greenies Smartbites Healthy Kitten Treats, Chicken Flavor, 2.1 Oz Pack",
    "href": "/ip/Greenies-Feline-Smart-Bites-Healthy-Kitten-Cat-Treats-Chicken-2-1-oz/1313021906?classType=REGULAR",
    "currentPrice": "N/A",
    "pricePerOz": "N/A",
    "pickup": "Free shipping, arrives in 3+ days",
    "delivery": "N/A",
    "shipping": "N/A"
  },
  {
    "ioId": "6XVJZRDYT46G",
    "linkIdentifier": "515318392",
    "text": "FELINE GREENIES Adult Dental Cat Treats, Catnip Flavor, 21 oz Tub",
    "href": "/ip/FELINE-GREENIES-Adult-Dental-Cat-Treats-Catnip-Flavor-21-oz-Tub/515318392?classType=REGULAR",
    "currentPrice": "N/A",
    "pricePerOz": "N/A",
    "pickup": "Free shipping, arrives in 3+ days",
    "delivery": "N/A",
    "shipping": "N/A"
  },
  {
    "ioId": "70HL4GQKK4DI",
    "linkIdentifier": "7761265066",
    "text": "SmartyKat Catnip & Silvervine Blend for Cats & Kittens, Shaker Canister - 2 Ounces KK21 KK21",
    "href": "/ip/SmartyKat-Catnip-Silvervine-Blend-for-Cats-Kittens-Shaker-Canister-2-Ounces-KK21-KK21/7761265066?classType=REGULAR",
    "currentPrice": "current price $14.49",
    "pricePerOz": "N/A",
    "pickup": "Free shipping, arrives in 3+ days",
    "delivery": "N/A",
    "shipping": "N/A"
  },
  {
    "ioId": "76LE1B7VVR40",
    "linkIdentifier": "312672369",
    "text": "Temptations MixUps Crunchy and Soft Cat Treats. Chicken, Liver, Beef Flavor. 30 oz.",
    "href": "/ip/Temptations-MixUps-Crunchy-and-Soft-Cat-Treats-Chicken-Liver-Beef-Flavor-30-oz/312672369?classType=REGULAR",
    "currentPrice": "current price $21.90",
    "pricePerOz": "N/A",
    "pickup": "Free shipping, arrives in 3+ days",
    "delivery": "N/A",
    "shipping": "N/A"
  },
  {
    "ioId": "6OVCPTYJIAIV",
    "linkIdentifier": "5552248386",
    "text": "Temptations Creamy Puree Squeezable Lickable Wet Cat Treat Variety Pack, 0.42 oz. Tubes, Pack of 16",
    "href": "/ip/Temptations-Creamy-Puree-with-Chicken-and-Salmon-Variety-Pack-of-Lickable-Squeezable-Cat-Treats-0-42-Oz-Pouches-16-Count/5552248386?classType=REGULAR",
    "currentPrice": "current price $8.99",
    "pricePerOz": "+$9.99 shipping",
    "pickup": "Shipping, arrives in 3+ days",
    "delivery": "N/A",
    "shipping": "N/A"
  },
  {
    "ioId": "70TOKQMLFB2F",
    "linkIdentifier": "25176547",
    "text": "KONG Naturals Premium Catnip, 2 Oz",
    "href": "/ip/KONG-Naturals-Premium-Catnip-2-Oz/25176547?classType=REGULAR",
    "currentPrice": "current price $18.99",
    "pricePerOz": "N/A",
    "pickup": "Free shipping, arrives in 3+ days",
    "delivery": "N/A",
    "shipping": "N/A"
  },
  {
    "ioId": "6OVCPTYJIAIV",
    "linkIdentifier": "5552248386",
    "text": "Temptations Creamy Puree Squeezable Lickable Wet Cat Treat Variety Pack, 0.42 oz. Tubes, Pack of 16",
    "href": "/ip/Temptations-Creamy-Puree-with-Chicken-and-Salmon-Variety-Pack-of-Lickable-Squeezable-Cat-Treats-0-42-Oz-Pouches-16-Count/5552248386?classType=REGULAR",
    "currentPrice": "current price $8.99",
    "pricePerOz": "+$9.99 shipping",
    "pickup": "Shipping, arrives in 3+ days",
    "delivery": "N/A",
    "shipping": "N/A"
  },
  {
    "ioId": "3MOXNVVCQB8J",
    "linkIdentifier": "15716882",
    "text": "Meow Mix Ocean Explosion Cat Treats, 2.1-Ounce",
    "href": "/ip/Meow-Mix-Ocean-Explosion-Cat-Treats-2-1-Ounce/15716882?classType=REGULAR",
    "currentPrice": "current price $7.38",
    "pricePerOz": "$3.51/oz",
    "pickup": "Shipping, arrives in 2 days",
    "delivery": "N/A",
    "shipping": "N/A"
  },
  {
    "ioId": "3RMSKV1XCB5C",
    "linkIdentifier": "920841670",
    "text": "TEMPTATIONS Classic Crunchy and Soft Cat Treats, 30 oz.",
    "href": "/ip/temptations-classic-crunchy-and-soft-cat-treats-tasty-chicken-flavor-30-oz-tub/920841670?classType=REGULAR",
    "currentPrice": "N/A",
    "pricePerOz": "N/A",
    "pickup": "Free shipping, arrives in 3+ days",
    "delivery": "N/A",
    "shipping": "N/A"
  },
  {
    "ioId": "4OH8KYPLOG9T",
    "linkIdentifier": "1193683808",
    "text": "Purina (5 Pack) Cat Treats, Party Mix California Crunch with Chicken, 2.1 oz. Pouches",
    "href": "/ip/Friskies-5-Pack-Cat-Treats-Party-Mix-California-Crunch-with-Chicken-2-1-oz-Pouches/1193683808?classType=REGULAR",
    "currentPrice": "current price $21.98",
    "pricePerOz": "N/A",
    "pickup": "Free shipping, arrives in 3+ days",
    "delivery": "N/A",
    "shipping": "N/A"
  },
  {
    "ioId": "1UDX3DOYOCS1",
    "linkIdentifier": "313177155",
    "text": "Temptations Mixups Surfers' Delight Cat Treats, 16-oz Tub (Pack of 2)",
    "href": "/ip/Temptations-Mixups-Surfers-Delight-Cat-Treats-16-oz-Tub-Pack-of-2/313177155?classType=REGULAR",
    "currentPrice": "current price $29.57",
    "pricePerOz": "N/A",
    "pickup": "Free shipping, arrives in 3+ days",
    "delivery": "N/A",
    "shipping": "N/A"
  },
  {
    "ioId": "1WS1PI27QUWZ",
    "linkIdentifier": "714676856",
    "text": "Friskies Party Mix Crunch Treats California Crunch 6 oz",
    "href": "/ip/Friskies-Party-Mix-Crunch-Treats-California-Crunch-6-oz/714676856?classType=REGULAR",
    "currentPrice": "current price $19.00",
    "pricePerOz": "N/A",
    "pickup": "Free shipping, arrives in 3+ days",
    "delivery": "N/A",
    "shipping": "N/A"
  },
  {
    "ioId": "5Q4M5V4PLTEW",
    "linkIdentifier": "1181854568",
    "text": "Meow Mix Ocean Explosion Crunchy Cat Treats, 2.1oz Irresistible Dry Fish & Tuna Shaped Bite-Sized Feline Food Pack of 2",
    "href": "/ip/Meow-Mix-Ocean-Explosion-Crunchy-Cat-Treats-2-1oz-Irresistible-Dry-Fish-Tuna-Shaped-Bite-Sized-Feline-Food-Pack-of-2/1181854568?classType=REGULAR",
    "currentPrice": "current price $11.40",
    "pricePerOz": "N/A",
    "pickup": "Free shipping, arrives in 3+ days",
    "delivery": "N/A",
    "shipping": "N/A"
  },
  {
    "ioId": "4UO1E7R11Z52",
    "linkIdentifier": "716504907",
    "text": "FELINE GREENIES Adult Dental Cat Treats, Oven Roasted Chicken Flavor, 9.75 oz.",
    "href": "/ip/FELINE-GREENIES-Adult-Dental-Cat-Treats-Oven-Roasted-Chicken-Flavor-9-75-oz/716504907?classType=REGULAR",
    "currentPrice": "current price $15.50",
    "pricePerOz": "N/A",
    "pickup": "Free shipping, arrives in 3+ days",
    "delivery": "N/A",
    "shipping": "N/A"
  },
  {
    "ioId": "2ZHWJNV2QZJ9",
    "linkIdentifier": "718746659",
    "text": "Whiskas Temptations Blissful Catnip Cat Treats 3 oz (Pack of 36)",
    "href": "/ip/Temptations-Blissful-Catnip-Cat-Treats-Pack-of-36/718746659?classType=REGULAR",
    "currentPrice": "current price $106.63",
    "pricePerOz": "N/A",
    "pickup": "Free shipping, arrives in 3+ days",
    "delivery": "N/A",
    "shipping": "N/A"
  },
  {
    "ioId": "34ZYYUXJ005X",
    "linkIdentifier": "831697753",
    "text": "Temptations Tasty Chicken Cat Treats 16 oz (Pack of 6)",
    "href": "/ip/Temptations-16-Oz-Tasty-Chicken-Cat-Treat-Pack-of-6/831697753?classType=REGULAR",
    "currentPrice": "current price $70.13",
    "pricePerOz": "N/A",
    "pickup": "Free shipping, arrives in 3+ days",
    "delivery": "N/A",
    "shipping": "N/A"
  },
  {
    "ioId": "4NR1RYT3ZC28",
    "linkIdentifier": "788581672",
    "text": "Whiskas Temptations Classic Treats for Cats Tempting Tuna Flavor (Pack of 6)",
    "href": "/ip/TEMPTATIONS-Classic-Treats-for-Cats-Tempting-Tuna-Flavor/788581672?classType=REGULAR",
    "currentPrice": "current price $26.57",
    "pricePerOz": "N/A",
    "pickup": "Free shipping, arrives in 3+ days",
    "delivery": "N/A",
    "shipping": "N/A"
  },
  {
    "ioId": "7CCNBQHJZ753",
    "linkIdentifier": "1847125484",
    "text": "Temptations Cat Treats Stay Fresh Pouches, Flavor Variety Pack (3 ct.)",
    "href": "/ip/Temptations-Cat-Treats-Stay-Fresh-Pouches-Flavor-Variety-Pack-3-ct/1847125484?classType=REGULAR",
    "currentPrice": "current price $39.99",
    "pricePerOz": "N/A",
    "pickup": "Free shipping, arrives in 3+ days",
    "delivery": "N/A",
    "shipping": "N/A"
  },
  {
    "ioId": "3DTY9X6G7N39",
    "linkIdentifier": "1379320024",
    "text": "Temptations Kitten Treats, Chicken & Dairy and Salmon & Dairy, Crunchy and Soft Treat, 4-Pack Multipack (6.3 Ounce Per Pack) Variety Pack 3 Ounce (Pack of 4)",
    "href": "/ip/Temptations-Kitten-Treats-Chicken-Dairy-Salmon-Dairy-Crunchy-Soft-Treat-4-Pack-Multipack-6-3-Ounce-Per-Pack-Variety-Pack-3-Pack-4/1379320024?classType=REGULAR",
    "currentPrice": "current price $25.66",
    "pricePerOz": "N/A",
    "pickup": "Free shipping, arrives in 3+ days",
    "delivery": "N/A",
    "shipping": "N/A"
  },
  {
    "ioId": "2L2RDQDDI6Y5",
    "linkIdentifier": "199103841",
    "text": "Dr. Pol Freeze Dried Munchies Rabbit Cat Treat and Meal Topper",
    "href": "/ip/Dr-Pol-Freeze-Dried-Munchies-Rabbit-Cat-Treat-and-Meal-Topper/199103841?classType=REGULAR",
    "currentPrice": "current price $11.61",
    "pricePerOz": "$3.32/oz",
    "pickup": "Shipping, arrives tomorrow",
    "delivery": "N/A",
    "shipping": "N/A"
  },
  {
    "ioId": "2Q1W7JCL7O5D",
    "linkIdentifier": "849837531",
    "text": "Temptations Classic Seafood Lovers Variety Pack Crunchy and Soft Treats for Cats, 3 oz, (6 Pack)",
    "href": "/ip/Temptations-Classic-Seafood-Lovers-Variety-Pack-Crunchy-and-Soft-Treats-for-Cats-3-oz-6-Pack/849837531?classType=REGULAR",
    "currentPrice": "current price $15.48",
    "pricePerOz": "$5.16/oz",
    "pickup": "Shipping, arrives in 3+ days",
    "delivery": "N/A",
    "shipping": "N/A"
  },
  {
    "ioId": "3SQH25G1XHIW",
    "linkIdentifier": "5210578825",
    "text": "50g Hairball Removal Cat Grass Treats Say Goodbye to Hairballs Functional Snack",
    "href": "/ip/50g-Hairball-Removal-Cat-Grass-Treats-Say-Goodbye-to-Hairballs-Functional-Snack/5210578825?classType=REGULAR",
    "currentPrice": "current price Now $4.99",
    "pricePerOz": "$6.97",
    "pickup": "Shipping, arrives in 3+ days",
    "delivery": "N/A",
    "shipping": "N/A"
  },
  {
    "ioId": "6HR5CS7Q0MMA",
    "linkIdentifier": "652087890",
    "text": "Purina Friskies Made in USA Facilities Cat Treats, Party Mix Crunch Wild West - 10 2.1 oz. Pouches",
    "href": "/ip/Purina-Friskies-Made-in-USA-Facilities-Cat-Treats-Party-Mix-Crunch-Wild-West-10-2-1-oz-Pouches/652087890?classType=REGULAR",
    "currentPrice": "N/A",
    "pricePerOz": "N/A",
    "pickup": "Free shipping, arrives in 3+ days",
    "delivery": "N/A",
    "shipping": "N/A"
  },
  {
    "ioId": "0TMBD8IT55QR",
    "linkIdentifier": "470682358",
    "text": "Temptations Cat Treats Variety Pack Bundle of 4 Flavor Pouches (Rockin? Lobster, Shrimpy Shrimp, Tempting Tuna, Tantalizing Turkey; 3 oz Each)",
    "href": "/ip/Temptations-Cat-Treats-Variety-Pack-Bundle-of-4-Flavor-Pouches-Rockin-Lobster-Shrimpy-Shrimp-Tempting-Tuna-Tantalizing-Turkey-3-oz-Each/470682358?classType=REGULAR",
    "currentPrice": "current price $17.99",
    "pricePerOz": "N/A",
    "pickup": "Shipping, arrives in 2 days",
    "delivery": "N/A",
    "shipping": "N/A"
  },
  {
    "ioId": "2FWT3A8JN42A",
    "linkIdentifier": "17114011",
    "text": "FELINE GREENIES Natural Dental Care Cat Treats Savory Salmon Flavor, 2.5 oz. Pouch",
    "href": "/ip/FELINE-GREENIES-Natural-Dental-Care-Cat-Treats-Savory-Salmon-Flavor-2-5-oz-Pouch/17114011?classType=REGULAR",
    "currentPrice": "current price $5.50",
    "pricePerOz": "$2.15/oz",
    "pickup": "Free shipping, arrives in 3+ days",
    "delivery": "N/A",
    "shipping": "N/A"
  },
  {
    "ioId": "5T535DRI0A00",
    "linkIdentifier": "120132492",
    "text": "\"I and love and you\" Hair Meow't Hearties Cat Treats, Salmon Recipe, 4oz Bag",
    "href": "/ip/I-and-love-and-you-Hair-Meow-t-Hearties-Cat-Treats-Salmon-Recipe-4oz-Bag/120132492?classType=REGULAR",
    "currentPrice": "current price $9.97",
    "pricePerOz": "$2.49/oz",
    "pickup": "Shipping, arrives tomorrow",
    "delivery": "N/A",
    "shipping": "N/A"
  },
  {
    "ioId": "3VHJVC3WM18P",
    "linkIdentifier": "555324529",
    "text": "Blue Buffalo Bursts Cat Treats Paw-Lickin' Chicken 2 oz Pack of 2",
    "href": "/ip/Blue-Buffalo-Bursts-Cat-Treats-Paw-Lickin-Chicken-2-oz-Pack-of-2/555324529?classType=REGULAR",
    "currentPrice": "current price $10.34",
    "pricePerOz": "N/A",
    "pickup": "Free shipping, arrives in 3+ days",
    "delivery": "N/A",
    "shipping": "N/A"
  },
  {
    "ioId": "4R5MKZKTOMN9",
    "linkIdentifier": "199331160",
    "text": "Temptations Shakeups Crunchy And Soft Cat Treats, Crustacean Celebration Flavor, 5.29 Oz Pouch",
    "href": "/ip/Temptations-Shakeups-Crunchy-And-Soft-Cat-Treats-Crustacean-Celebration-Flavor-5-29-Oz-Pouch/199331160?classType=REGULAR",
    "currentPrice": "current price $5.62",
    "pricePerOz": "N/A",
    "pickup": "Free shipping, arrives in 3+ days",
    "delivery": "N/A",
    "shipping": "N/A"
  },
  {
    "ioId": "1K9CY3SAGY3S",
    "linkIdentifier": "8342104795",
    "text": "Greenies Feline Adult Natural Dental Care Cat Treats, Catnip Flavor, 9.75 oz. Tub",
    "href": "/ip/Greenies-Feline-Adult-Natural-Dental-Care-Cat-Treats-Catnip-Flavor-9-75-oz-Tub/8342104795?classType=REGULAR",
    "currentPrice": "current price $15.99",
    "pricePerOz": "N/A",
    "pickup": "Free shipping, arrives in 3+ days",
    "delivery": "N/A",
    "shipping": "N/A"
  },
  {
    "ioId": "1GODA8EK7HM9",
    "linkIdentifier": "640867901",
    "text": "Temptations Tasty Chicken Flavor Cat Treats 6.3 oz (Pack of 6)",
    "href": "/ip/Temptations-Chicken-Flavor-Cat-Treats-Pack-of-6/640867901?classType=REGULAR",
    "currentPrice": "current price $35.53",
    "pricePerOz": "N/A",
    "pickup": "Free shipping, arrives in 3+ days",
    "delivery": "N/A",
    "shipping": "N/A"
  },
  {
    "ioId": "270DYQ6GMP1U",
    "linkIdentifier": "3562564430",
    "text": "Hartz Delectables Non-Seafood Gravy Lickable Wet Cat Treats, Chicken & Turkey, 1.4 oz, Single",
    "href": "/ip/Hartz-Delectables-Non-Seafood-Gravy-Lickable-Wet-Cat-Treats-Chicken-Turkey-1-4-oz-Single/3562564430?classType=REGULAR",
    "currentPrice": "current price Now $1.41",
    "pricePerOz": "$10.79",
    "pickup": "Shipping, arrives in 3+ days",
    "delivery": "N/A",
    "shipping": "N/A"
  },
  {
    "ioId": "1C9FFQID81S7",
    "linkIdentifier": "308459655",
    "text": "Temptations Mixups Surfers' Delight Cat Treats 16 oz (Pack of 4)",
    "href": "/ip/Temptations-Mixups-Surfers-Delight-Cat-Treats-Pack-of-4/308459655?classType=REGULAR",
    "currentPrice": "current price Now $44.48",
    "pricePerOz": "$50.70",
    "pickup": "Free shipping, arrives in 3+ days",
    "delivery": "N/A",
    "shipping": "N/A"
  },
  {
    "ioId": "13LVZT4YQC6D",
    "linkIdentifier": "5030991068",
    "text": "FELINE GREENIES Tempting Tuna Flavored Dental Treats, Mega Size",
    "href": "/ip/Greenies-FELINE-GREENIES-Adult-Dental-Cat-Treats-Tempting-Tuna-Flavor-4-6-oz-Pouch/5030991068?classType=REGULAR",
    "currentPrice": "N/A",
    "pricePerOz": "N/A",
    "pickup": "Free shipping, arrives in 3+ days",
    "delivery": "N/A",
    "shipping": "N/A"
  },
  {
    "ioId": "5RYABX2IWC2X",
    "linkIdentifier": "1360830459",
    "text": "Temptations Treats for Cats Hearty Beef Flavor 3 oz (Pack of 32)",
    "href": "/ip/TEMPTATIONS-Classic-Treats-for-Cats-Hearty-Beef-Flavor-Pack-of-32/1360830459?classType=REGULAR",
    "currentPrice": "current price $94.85",
    "pricePerOz": "N/A",
    "pickup": "Free shipping, arrives in 3+ days",
    "delivery": "N/A",
    "shipping": "N/A"
  },
  {
    "ioId": "12VIXPIUEVOX",
    "linkIdentifier": "951152456",
    "text": "Temptations Tasty Chicken Flavor Cat Treats 6.3 oz (Pack of 14)",
    "href": "/ip/Temptations-Chicken-Flavor-Cat-Treats-Pack-of-14/951152456?classType=REGULAR",
    "currentPrice": "current price $71.40",
    "pricePerOz": "N/A",
    "pickup": "Free shipping, arrives in 3+ days",
    "delivery": "N/A",
    "shipping": "N/A"
  },
  {
    "ioId": "57WOZMHZUEJP",
    "linkIdentifier": "1430100518",
    "text": "Greenies Greenies Feline Natural Dental Treats Oven Roasted Chicken Flavor 2.1 oz",
    "href": "/ip/Greenies-Greenies-Feline-Natural-Dental-Treats-Oven-Roasted-Chicken-Flavor-2-1-oz/1430100518?classType=REGULAR",
    "currentPrice": "N/A",
    "pricePerOz": "N/A",
    "pickup": "Free shipping, arrives in 3+ days",
    "delivery": "N/A",
    "shipping": "N/A"
  },
  {
    "ioId": "3D3DM9SFI2JT",
    "linkIdentifier": "257998979",
    "text": "Temptations Classic, Crunchy And Soft Cat Treats, Rockin Lobster Flavor, 3 Oz Pouch",
    "href": "/ip/Temptations-Classic-Crunchy-And-Soft-Cat-Treats-Rockin-Lobster-Flavor-3-Oz-Pouch/257998979?classType=REGULAR",
    "currentPrice": "current price $9.33",
    "pricePerOz": "$3.11/oz",
    "pickup": "Free shipping, arrives in 3+ days",
    "delivery": "N/A",
    "shipping": "N/A"
  },
  {
    "ioId": "3F5GJ2NWHZUA",
    "linkIdentifier": "812925954",
    "text": "Purina Fancy Feast Appetizers Wet Cat Food, Chicken in Tuna Broth, 1.1 oz Trays (10 Pack)",
    "href": "/ip/Purina-Fancy-Feast-Appetizers-Grain-Free-Wet-Cat-Food-White-Meat-Chicken-Appetizer-in-a-Savory-Tuna-Cat-Food-Broth/812925954?classType=REGULAR",
    "currentPrice": "current price $14.77",
    "pricePerOz": "$13.43/oz",
    "pickup": "Shipping, arrives tomorrow",
    "delivery": "N/A",
    "shipping": "N/A"
  },
  {
    "ioId": "4ILDLDVKW9H5",
    "linkIdentifier": "344961149",
    "text": "Temptations Tasty Chicken Cat Treats 16 oz (Pack of 2)",
    "href": "/ip/Temptations-16-Oz-Tasty-Chicken-Cat-Treat-Pack-of-2/344961149?classType=REGULAR",
    "currentPrice": "current price $29.55",
    "pricePerOz": "N/A",
    "pickup": "Free shipping, arrives in 3+ days",
    "delivery": "N/A",
    "shipping": "N/A"
  },
  {
    "ioId": "5TNXY2K0HIO7",
    "linkIdentifier": "2444729173",
    "text": "Temptations Meaty Mixups Chicken And Turkey Crunchy And Soft Cat Treats For Adult Cats, 4.12 Oz Pouch",
    "href": "/ip/Temptations-Meaty-Mixups-Chicken-And-Turkey-Crunchy-And-Soft-Cat-Treats-For-Adult-Cats-4-12-Oz-Pouch/2444729173?classType=REGULAR",
    "currentPrice": "current price $9.50",
    "pricePerOz": "$2.31/oz",
    "pickup": "Free shipping, arrives in 3+ days",
    "delivery": "N/A",
    "shipping": "N/A"
  },
  {
    "ioId": "2U156DVABC44",
    "linkIdentifier": "188196787",
    "text": "Temptations Tasty Chicken Cat Treats 16 oz (Pack of 36)",
    "href": "/ip/Temptations-16-Oz-Tasty-Chicken-Cat-Treat/188196787?classType=REGULAR",
    "currentPrice": "current price $360.31",
    "pricePerOz": "N/A",
    "pickup": "Free shipping, arrives in 3+ days",
    "delivery": "N/A",
    "shipping": "N/A"
  },
  {
    "ioId": "1LDI21R4E2K1",
    "linkIdentifier": "51550185",
    "text": "Purina DentaLife Cat Dental Treats, Savory Salmon Flavor, 1.8 oz. Pouch",
    "href": "/ip/Purina-DentaLife-Cat-Dental-Treats-Savory-Salmon-Flavor-1-8-oz-Pouch/51550185?classType=REGULAR",
    "currentPrice": "current price $7.29",
    "pricePerOz": "$4.05/oz",
    "pickup": "Shipping, arrives in 2 days",
    "delivery": "N/A",
    "shipping": "N/A"
  },
  {
    "ioId": "5688W2VDLLUB",
    "linkIdentifier": "317682184",
    "text": "Temptations Tender Fills Seared Tuna Flavor Soft Chew Treats For Adult Cats, 4.6 Oz Pouch",
    "href": "/ip/Temptations-Tender-Fills-Seared-Tuna-Flavor-Soft-Chew-Treats-For-Adult-Cats-4-6-Oz-Pouch/317682184?classType=REGULAR",
    "currentPrice": "current price $4.60",
    "pricePerOz": "$1.00/oz",
    "pickup": "Shipping, arrives in 3+ days",
    "delivery": "N/A",
    "shipping": "N/A"
  },
  {
    "ioId": "70TOKQMLFB2F",
    "linkIdentifier": "25176547",
    "text": "KONG Naturals Premium Catnip, 2 Oz",
    "href": "/ip/KONG-Naturals-Premium-Catnip-2-Oz/25176547?classType=REGULAR",
    "currentPrice": "current price $18.99",
    "pricePerOz": "N/A",
    "pickup": "Free shipping, arrives in 3+ days",
    "delivery": "N/A",
    "shipping": "N/A"
  },
  {
    "ioId": "160OCUFIB8U0",
    "linkIdentifier": "480575452",
    "text": "Blue Buffalo Bursts Feline Seafood Flavour Cat Treats, 2 oz.",
    "href": "/ip/Blue-Buffalo-Bursts-Feline-Seafood-Flavour-Cat-Treats-2-oz/480575452?classType=REGULAR",
    "currentPrice": "N/A",
    "pricePerOz": "N/A",
    "pickup": "Free shipping, arrives in 3+ days",
    "delivery": "N/A",
    "shipping": "N/A"
  },
  {
    "ioId": "2FP5GTBQXZ4Q",
    "linkIdentifier": "411251864",
    "text": "Dr. Pol Freeze Dried Munchies Salmon Cat Treat and Meal Topper",
    "href": "/ip/Dr-Pol-Freeze-Dried-Munchies-Salmon-Cat-Treat-and-Meal-Topper/411251864?classType=REGULAR",
    "currentPrice": "current price $9.98",
    "pricePerOz": "$2.85/oz",
    "pickup": "N/A",
    "delivery": "N/A",
    "shipping": "N/A"
  },
  {
    "ioId": "7EN42D3NQ75X",
    "linkIdentifier": "493421541",
    "text": "Cat Treats, Tempting Tuna Flavor, 6.35-oz. (Pack of 10)",
    "href": "/ip/Cat-Treats-Tempting-Tuna-Flavor-6-35-oz-Pack-of-10/493421541?classType=REGULAR",
    "currentPrice": "current price $54.84",
    "pricePerOz": "N/A",
    "pickup": "N/A",
    "delivery": "N/A",
    "shipping": "N/A"
  },
  {
    "ioId": "5UXUYAOCRV41",
    "linkIdentifier": "574406878",
    "text": "Temptations Tasty Chicken Flavor Cat Treats 6.3 oz (Pack of 2)",
    "href": "/ip/Temptations-Chicken-Flavor-Cat-Treats-Pack-of-2/574406878?classType=REGULAR",
    "currentPrice": "current price $20.30",
    "pricePerOz": "N/A",
    "pickup": "Free shipping, arrives in 3+ days",
    "delivery": "N/A",
    "shipping": "N/A"
  },
  {
    "ioId": "3JBOR9ZU3377",
    "linkIdentifier": "2143791312",
    "text": "Temptations Tasty Chicken Cat Treats 16 oz (Pack of 3)",
    "href": "/ip/Temptations-16-Oz-Tasty-Chicken-Cat-Treat-Pack-of-3/2143791312?classType=REGULAR",
    "currentPrice": "current price $39.52",
    "pricePerOz": "N/A",
    "pickup": "Free shipping, arrives in 3+ days",
    "delivery": "N/A",
    "shipping": "N/A"
  },
  {
    "ioId": "281HCVMG6X3D",
    "linkIdentifier": "1918686001",
    "text": "Temptations Classic Treats For Cats Tasty Chicken Flavor 1.7 Ounces",
    "href": "/ip/Temptations-Classic-Treats-For-Cats-Tasty-Chicken-Flavor-1-7-Ounces/1918686001?classType=REGULAR",
    "currentPrice": "current price $6.15",
    "pricePerOz": "N/A",
    "pickup": "Free shipping, arrives in 3+ days",
    "delivery": "N/A",
    "shipping": "N/A"
  },
  {
    "ioId": "2OVA1R1EXSGG",
    "linkIdentifier": "295047879",
    "text": "FELINE GREENIES Adult Dental Cat Treats, Tempting Tuna Flavor, 21 oz. Tub",
    "href": "/ip/FELINE-GREENIES-Adult-Dental-Cat-Treats-Tempting-Tuna-Flavor-21-oz-Tub/295047879?classType=REGULAR",
    "currentPrice": "N/A",
    "pricePerOz": "N/A",
    "pickup": "Free shipping, arrives in 3+ days",
    "delivery": "N/A",
    "shipping": "N/A"
  },
  {
    "ioId": "3O2LFR54SJGK",
    "linkIdentifier": "35785428",
    "text": "Temptations Classic Tasty Chicken Flavor Crunchy And Soft Treats For Cats, 16 Oz Tub",
    "href": "/ip/Whiskas-Temptations-16-Ounce-Chicken-Value-Pak/35785428?classType=VARIANT&athbdg=L1102",
    "currentPrice": "current price $8.48",
    "pricePerOz": "53.0 ¢/oz",
    "pickup": "Pickup today",
    "delivery": "Delivery today",
    "shipping": "Shipping, arrives tomorrow"
  },
  {
    "ioId": "7DJUB2KQUIJN",
    "linkIdentifier": "403759258",
    "text": "Temptations Classic Cat Treats - Hearty Beef - 3 oz",
    "href": "/ip/Temptations-Classic-Cat-Treats-Hearty-Beef-3-oz/403759258?classType=REGULAR",
    "currentPrice": "current price $14.89",
    "pricePerOz": "N/A",
    "pickup": "Free shipping, arrives in 3+ days",
    "delivery": "N/A",
    "shipping": "N/A"
  },
  {
    "ioId": "2IY0R4BCK7MC",
    "linkIdentifier": "5381351836",
    "text": "FELINE GREENIES Adult Natural Dental Care Cat Treats, Catnip Flavor, 4.6 oz. Pouch",
    "href": "/ip/FELINE-GREENIES-Adult-Natural-Dental-Care-Cat-Treats-Catnip-Flavor-4-6-oz-Pouch/5381351836?classType=REGULAR",
    "currentPrice": "N/A",
    "pricePerOz": "N/A",
    "pickup": "Free shipping, arrives in 3+ days",
    "delivery": "N/A",
    "shipping": "N/A"
  },
  {
    "ioId": "4NGYR8N54E5L",
    "linkIdentifier": "858230947",
    "text": "TEMPTATIONS Classic Crunchy and Soft Cat Treats Feline Favorites Variety Pack, (6) 3 oz. Pouches",
    "href": "/ip/TEMPTATIONS-Classic-Crunchy-and-Soft-Cat-Treats-Feline-Favorites-Variety-Pack-6-3-oz-Pouches/858230947?classType=REGULAR",
    "currentPrice": "current price Now $18.02",
    "pricePerOz": "$28.29",
    "pickup": "Shipping, arrives in 3+ days",
    "delivery": "N/A",
    "shipping": "N/A"
  },
  {
    "ioId": "3CVXEDTMB2T5",
    "linkIdentifier": "38026137",
    "text": "Temptations Mixups Catnip Fever Flavor Crunchy And Soft Dry Cat Treats, 6.3 Oz Pouch",
    "href": "/ip/Temptations-Mixups-Catnip-Fever-Flavor-Crunchy-And-Soft-Dry-Cat-Treats-6-3-Oz-Pouch/38026137?classType=VARIANT",
    "currentPrice": "current price Now $3.98",
    "pricePerOz": "$28.00",
    "pickup": "Pickup today",
    "delivery": "Delivery today",
    "shipping": "Shipping, arrives tomorrow"
  },
  {
    "ioId": "2DFXV71EP0D0",
    "linkIdentifier": "1030217040",
    "text": "Purina Friskies Party Mix Adult Cat Treats Extra Large Pouches, Gravylicious Flavor, 20 oz.",
    "href": "/ip/Purina-Friskies-Party-Mix-Adult-Cat-Treats-Extra-Large-Pouches-Gravylicious-Flavor-20-oz/1030217040?classType=REGULAR",
    "currentPrice": "current price $19.99",
    "pricePerOz": "+$4.99 shipping",
    "pickup": "Shipping, arrives in 3+ days",
    "delivery": "N/A",
    "shipping": "N/A"
  },
  {
    "ioId": "2MHKK3DF4PX4",
    "linkIdentifier": "483028821",
    "text": "Temptations Backyard Cookout Mixups Treats for Cats 16 oz (Pack of 14)",
    "href": "/ip/Whiskas-Temptations-Mixups-Treats-for-Cats-Pack-of-14/483028821?classType=REGULAR",
    "currentPrice": "current price $148.91",
    "pricePerOz": "N/A",
    "pickup": "Free shipping, arrives in 3+ days",
    "delivery": "N/A",
    "shipping": "N/A"
  },
  {
    "ioId": "0Z2QDTAYPMLX",
    "linkIdentifier": "1565643933",
    "text": "Whiskas 6.3 oz Temptations Rockin Lobster Mega Cat Treats",
    "href": "/ip/Whiskas-6-3-oz-Temptations-Rockin-Lobster-Mega-Cat-Treats/1565643933?classType=REGULAR",
    "currentPrice": "current price $56.57",
    "pricePerOz": "N/A",
    "pickup": "Free shipping, arrives in 3+ days",
    "delivery": "N/A",
    "shipping": "N/A"
  },
  {
    "ioId": "3SCQVY0VL0UX",
    "linkIdentifier": "657066381",
    "text": "Temptations Treats for Cats Hearty Beef Flavor 3 oz (Pack of 14)",
    "href": "/ip/TEMPTATIONS-Classic-Treats-for-Cats-Hearty-Beef-Flavor-Pack-of-14/657066381?classType=REGULAR",
    "currentPrice": "current price $46.56",
    "pricePerOz": "N/A",
    "pickup": "Free shipping, arrives in 3+ days",
    "delivery": "N/A",
    "shipping": "N/A"
  },
  {
    "ioId": "321RG0DPUPNL",
    "linkIdentifier": "54066531",
    "text": "Temptations Classic Seafood Medley Flavor Crunchy and Soft Dry Cat Treats, 30 oz Tub",
    "href": "/ip/Temptations-30-oz-Super-Value-Seafood-Medley/54066531?classType=VARIANT&athbdg=L1600",
    "currentPrice": "current price $15.48",
    "pricePerOz": "51.6 ¢/oz",
    "pickup": "Pickup today",
    "delivery": "Delivery today",
    "shipping": "Shipping, arrives tomorrow"
  },
  {
    "ioId": "3VG3OSY8US2H",
    "linkIdentifier": "1887266508",
    "text": "Greenies Greenies Feline Natural Dental Treats Oven Roasted Chicken Flavor 9.75 oz Pack of 2",
    "href": "/ip/Greenies-Greenies-Feline-Natural-Dental-Treats-Oven-Roasted-Chicken-Flavor-9-75-oz-Pack-of-2/1887266508?classType=REGULAR",
    "currentPrice": "current price $31.94",
    "pricePerOz": "N/A",
    "pickup": "Free shipping, arrives in 3+ days",
    "delivery": "N/A",
    "shipping": "N/A"
  },
  {
    "ioId": "4PHFRXDVLMEF",
    "linkIdentifier": "39932137",
    "text": "Temptations Mixups Crunchy and Soft Cat Treats Surfers' Delight Flavor, 16 oz. Tub",
    "href": "/ip/Temptations-MixUps-Surfer-s-Delight-Tuna-Shrimp-Salmon-Flavors-Treats-for-Cats-16-oz/39932137?classType=VARIANT&athbdg=L1103",
    "currentPrice": "current price $8.48",
    "pricePerOz": "53.0 ¢/oz",
    "pickup": "Pickup today",
    "delivery": "Delivery today",
    "shipping": "Shipping, arrives tomorrow"
  },
  {
    "ioId": "50N56WLSKUV6",
    "linkIdentifier": "3645375595",
    "text": "Temptations Creamy Purrrree Tuna Cat Treats - 1.7 oz - 11 Each",
    "href": "/ip/Temptations-Creamy-Purrrree-Tuna-Cat-Treats-1-7-oz-11-Each/3645375595?classType=REGULAR",
    "currentPrice": "current price $39.99",
    "pricePerOz": "N/A",
    "pickup": "Free shipping, arrives in 3+ days",
    "delivery": "N/A",
    "shipping": "N/A"
  },
  {
    "ioId": "6EKW24CQ087A",
    "linkIdentifier": "369117877",
    "text": "Delectables Lickable Cat Treats Bisque Variety Pack, 12 Count (16.8 oz.)",
    "href": "/ip/Delectables-Lickable-Cat-Treat-Bisque-Variety-Pack-12-Count/369117877?classType=VARIANT",
    "currentPrice": "current price $13.58",
    "pricePerOz": "80.8 ¢/oz",
    "pickup": "Pickup today",
    "delivery": "Delivery today",
    "shipping": "Shipping, arrives tomorrow"
  },
  {
    "ioId": "2ETG5IK2N2F7",
    "linkIdentifier": "184598520",
    "text": "Temptations Mixups Backyard Cookout Flavor Crunchy and Soft Dry Cat Treats, 30 oz Tub",
    "href": "/ip/Whiskas-Temptations-Super-Value-Backyard-30oz/184598520?classType=VARIANT&athbdg=L1600",
    "currentPrice": "current price $15.48",
    "pricePerOz": "51.6 ¢/oz",
    "pickup": "Pickup today",
    "delivery": "Delivery today",
    "shipping": "Shipping, arrives tomorrow"
  },
  {
    "ioId": "41GJ3LAH53P0",
    "linkIdentifier": "232846669",
    "text": "Delectables Lickable Cat Treats Stew Variety Pack, 12 Count (16.8 oz.)",
    "href": "/ip/Hartz-Delectables-Stew-Variety-12-Pack/232846669?classType=VARIANT",
    "currentPrice": "current price $13.58",
    "pricePerOz": "80.8 ¢/oz",
    "pickup": "Pickup today",
    "delivery": "Delivery today",
    "shipping": "Shipping, arrives tomorrow"
  },
  {
    "ioId": "2VPBZNQ9J7EF",
    "linkIdentifier": "560476317",
    "text": "Temptations Cat Treats Mix Ups, Catnip Fever Chicken, Catnip and Cheddar Flavors, 3 Oz Pouch",
    "href": "/ip/Temptations-Cat-Treats-Mix-Ups-Catnip-Fever-Chicken-Catnip-and-Cheddar-Flavors-3-Oz-Pouch/560476317?classType=REGULAR",
    "currentPrice": "current price $9.46",
    "pricePerOz": "N/A",
    "pickup": "Free shipping, arrives in 3+ days",
    "delivery": "N/A",
    "shipping": "N/A"
  },
  {
    "ioId": "42EKDZJWSG36",
    "linkIdentifier": "49651183",
    "text": "Purina Friskies Party Mix Original Crunch, Cat Treats, Chicken, Liver, & Turkey, 20 oz Canister",
    "href": "/ip/Purina-Friskies-Party-Mix-Crunch-Original-Cat-Treats-20-oz-Cats/49651183?classType=VARIANT",
    "currentPrice": "current price $8.48",
    "pricePerOz": "42.4 ¢/oz",
    "pickup": "Pickup today",
    "delivery": "Delivery today",
    "shipping": "Shipping, arrives tomorrow"
  },
  {
    "ioId": "4Y0QTFMHU22C",
    "linkIdentifier": "42425072",
    "text": "Temptations Classic Creamy Dairy Flavor Crunchy and Soft Wet Treats For Cats, 16 oz Tub",
    "href": "/ip/Whiskas-Temptations-Value-Size-Creamy-Dairy-16oz/42425072?classType=VARIANT&athbdg=L1600",
    "currentPrice": "current price $8.48",
    "pricePerOz": "53.0 ¢/oz",
    "pickup": "Pickup today",
    "delivery": "Delivery today",
    "shipping": "Shipping, arrives tomorrow"
  },
  {
    "ioId": "1YB3CRKP7KZO",
    "linkIdentifier": "166606227",
    "text": "Temptations Birthday Lobster and Beef Flavor Crunchy Soft Treats for Cats, 6.3 oz Pouch (10 Pack)",
    "href": "/ip/Temptations-Birthday-Lobster-And-Beef-Flavor-Crunchy-Soft-Treats-For-Cats-6-3-Oz-Pouch-10-Pack/166606227?classType=VARIANT&athbdg=L1103",
    "currentPrice": "current price $3.98",
    "pricePerOz": "63.2 ¢/oz",
    "pickup": "Pickup today",
    "delivery": "Delivery today",
    "shipping": "Shipping, arrives tomorrow"
  },
  {
    "ioId": "4WGB5P3OYGFS",
    "linkIdentifier": "5716260240",
    "text": "(3 pack) Purina Friskies Party Mix Beachside Crunch, Cat Treats, Shrimp, Crab, & Tuna, 20 oz Canister",
    "href": "/ip/Purina-Friskies-Party-Mix-Cat-Treats-Beachside-Crunch-Snacks-20-oz-Canister/5716260240?classType=VARIANT",
    "currentPrice": "current price $25.44",
    "pricePerOz": "42.4 ¢/oz",
    "pickup": "Shipping, arrives tomorrow",
    "delivery": "N/A",
    "shipping": "N/A"
  },
  {
    "ioId": "4LAN7LUY0REX",
    "linkIdentifier": "295691485",
    "text": "Temptations Meaty Bites, Soft And Savory Cat Treats, Tuna Flavor, 1.5 Oz Pouch",
    "href": "/ip/Temptations-Meaty-Bites-Soft-And-Savory-Cat-Treats-Tuna-Flavor-1-5-Oz-Pouch/295691485?classType=REGULAR",
    "currentPrice": "current price $8.92",
    "pricePerOz": "N/A",
    "pickup": "Free shipping, arrives in 3+ days",
    "delivery": "N/A",
    "shipping": "N/A"
  },
  {
    "ioId": "2XCWUYSBQHHW",
    "linkIdentifier": "909055775",
    "text": "Temptations Cat Treats Savory Salmon Flavor 6.3 oz (Pack of 14)",
    "href": "/ip/Temptations-Cat-Treats-Savory-Salmon/909055775?classType=REGULAR",
    "currentPrice": "current price $71.40",
    "pricePerOz": "N/A",
    "pickup": "Free shipping, arrives in 3+ days",
    "delivery": "N/A",
    "shipping": "N/A"
  },
  {
    "ioId": "2L1BJ1BUP9K1",
    "linkIdentifier": "2113036075",
    "text": "Feline Greenies Smartbites Healthy Kitten Treats, Chicken Flavor, 16 Oz Tub",
    "href": "/ip/Greenies-Feline-Smartbites-Chicken-Flavor-Treats-for-Cats-Jumbo-Size-16-oz-Tub/2113036075?classType=REGULAR",
    "currentPrice": "N/A",
    "pricePerOz": "N/A",
    "pickup": "Free shipping, arrives in 3+ days",
    "delivery": "N/A",
    "shipping": "N/A"
  },
  {
    "ioId": "1GJDUZ38GL5U",
    "linkIdentifier": "14906410",
    "text": "Temptations Classic Seafood Medley Flavor Crunchy Treats for Cats Mega Size, 6.3 oz Pouch",
    "href": "/ip/TEMPTATIONS-Classic-Crunchy-and-Soft-Cat-Treats-Seafood-Medley-Flavor-6-3-oz-Pouch/14906410?classType=VARIANT&athbdg=L1103",
    "currentPrice": "current price Now $3.98",
    "pricePerOz": "$14.00",
    "pickup": "Pickup today",
    "delivery": "Delivery today",
    "shipping": "Shipping, arrives tomorrow"
  },
  {
    "ioId": "3XS50EC6HAW7",
    "linkIdentifier": "16662941",
    "text": "Temptations Tantalizing Turkey Flavor Crunchy Treats for Cats Mega Size, 6.3 oz Pouch",
    "href": "/ip/Temptations-Classic-Tantalizing-Turkey-Flavor-Crunchy-And-Soft-Dry-Cat-Treats-6-3-Oz-Pouch/16662941?classType=VARIANT&athbdg=L1102",
    "currentPrice": "current price $3.98",
    "pricePerOz": "63.2 ¢/oz",
    "pickup": "Pickup today",
    "delivery": "Delivery today",
    "shipping": "Shipping, arrives tomorrow"
  },
  {
    "ioId": "4OKKKZMGK5UX",
    "linkIdentifier": "539080387",
    "text": "Temptations Creamy Puree With Chicken, Salmon, and Tuna Lickable, Squeezable Cat Treats 24-Packs Of 12G Pouches",
    "href": "/ip/Temptations-Creamy-Puree-Squeezable-Lickable-Wet-Treat-For-Cats-0-42-Oz-24-Variety-Pack/539080387?classType=VARIANT",
    "currentPrice": "current price $13.28",
    "pricePerOz": "$1.32/oz",
    "pickup": "Shipping, arrives tomorrow",
    "delivery": "N/A",
    "shipping": "N/A"
  },
  {
    "ioId": "1H63TAAI1LAQ",
    "linkIdentifier": "119589902",
    "text": "Sheba Meaty Tender Sticks Salmon Flavor Dry Cat Treats, 0.7 oz (5 Treats)",
    "href": "/ip/Sheba-Meaty-Tender-Stick-Salmon-Flavor-Stick-Treats-for-Cats-0-14-oz-Pouch-5-Pack/119589902?classType=VARIANT",
    "currentPrice": "current price $2.12",
    "pricePerOz": "$3.03/oz",
    "pickup": "Pickup today",
    "delivery": "Delivery today",
    "shipping": "Shipping, arrives tomorrow"
  },
  {
    "ioId": "70ZKFY35R0X2",
    "linkIdentifier": "465831972",
    "text": "Temptations Treats for Cats Hearty Beef Flavor 3 oz (Pack of 6)",
    "href": "/ip/TEMPTATIONS-Classic-Treats-for-Cats-Hearty-Beef-Flavor-Pack-of-6/465831972?classType=REGULAR",
    "currentPrice": "current price $26.57",
    "pricePerOz": "N/A",
    "pickup": "Free shipping, arrives in 3+ days",
    "delivery": "N/A",
    "shipping": "N/A"
  },
  {
    "ioId": "3VCC0AJLN3DS",
    "linkIdentifier": "131534643",
    "text": "Temptations Classic Savory Salmon Flavor Crunchy and Soft Dry Cat Treats, 30 oz Tub",
    "href": "/ip/Whiskas-Temptations-Super-Value-Salmon-30oz/131534643?classType=VARIANT",
    "currentPrice": "current price $15.48",
    "pricePerOz": "51.6 ¢/oz",
    "pickup": "Pickup today",
    "delivery": "Delivery today",
    "shipping": "Shipping, arrives tomorrow"
  },
  {
    "ioId": "1AHJ854L2OOO",
    "linkIdentifier": "16627385",
    "text": "Temptations Classic Blissful Catnip Flavor Crunchy and Soft Dry Treats for Cats, 3 oz Pouch",
    "href": "/ip/Whiskas-Temptations-Blissful-Catnip-Flavor-Cat-Care-Treats-3-oz/16627385?classType=VARIANT&athbdg=L1102",
    "currentPrice": "current price $2.58",
    "pricePerOz": "86.0 ¢/oz",
    "pickup": "Pickup today",
    "delivery": "Delivery today",
    "shipping": "Shipping, arrives tomorrow"
  },
  {
    "ioId": "2M2RTSIUJQPF",
    "linkIdentifier": "243491876",
    "text": "DEL BSQ SR 10 12 PACK",
    "href": "/ip/Hartz-Delectables-Bisque-Senior-10-Lickable-Wet-Cat-Treats-Variety-Pack-12-Pack/243491876?classType=VARIANT",
    "currentPrice": "current price $13.58",
    "pricePerOz": "80.8 ¢/oz",
    "pickup": "Pickup today",
    "delivery": "Delivery today",
    "shipping": "Shipping, arrives tomorrow"
  },
  {
    "ioId": "15EXST6PPXXC",
    "linkIdentifier": "583214742",
    "text": "Purina Friskies Party Mix Cat Treats, Original Crunch Snacks, 30 oz. Canister",
    "href": "/ip/Friskies-Cat-Treats-Party-Mix-Original-Crunch-30-oz-Canister/583214742?classType=VARIANT",
    "currentPrice": "current price Now $12.44",
    "pricePerOz": "$14.18",
    "pickup": "Pickup today",
    "delivery": "Delivery today",
    "shipping": "Shipping, arrives tomorrow"
  },
  {
    "ioId": "2KO3GPUJ57HD",
    "linkIdentifier": "1445219154",
    "text": "Hartz Delectables Squeeze up Lickable Wet Cat Treat Flavor Variety Pack, 0.5oz Tube (54 Count)",
    "href": "/ip/Hartz-Delectables-Squeeze-up-Lickable-Wet-Cat-Treat-Flavor-Variety-Pack-0-5oz-Tube-54-Count/1445219154?classType=VARIANT",
    "currentPrice": "current price $30.87",
    "pricePerOz": "$1.14/oz",
    "pickup": "Shipping, arrives tomorrow",
    "delivery": "N/A",
    "shipping": "N/A"
  },
  {
    "ioId": "73DOAPOKOL43",
    "linkIdentifier": "285874103",
    "text": "Hartz Delectables Stew Lickable Wet Cat Treats Variety Pack, 30 Count",
    "href": "/ip/Hartz-Delectables-Stew-Lickable-Wet-Cat-Treats-Variety-Pack-30-Count/285874103?classType=VARIANT",
    "currentPrice": "current price $31.80",
    "pricePerOz": "75.7 ¢/oz",
    "pickup": "Shipping, arrives tomorrow",
    "delivery": "N/A",
    "shipping": "N/A"
  },
  {
    "ioId": "1BUXUU106HGK",
    "linkIdentifier": "440282076",
    "text": "Temptations Jumbo Stuff Tasty Chicken Flavor Crunchy and Soft Dry Cat Treats, 14 oz Tub",
    "href": "/ip/Temptations-Jumbo-Stuff-Tasty-Chicken-Flavor-Crunchy-And-Soft-Treats-For-Cats-14-Oz-Tub/440282076?classType=VARIANT",
    "currentPrice": "current price $10.83",
    "pricePerOz": "77.4 ¢/oz",
    "pickup": "Pickup today",
    "delivery": "Delivery today",
    "shipping": "Shipping, arrives tomorrow"
  },
  {
    "ioId": "70TOKQMLFB2F",
    "linkIdentifier": "25176547",
    "text": "KONG Naturals Premium Catnip, 2 Oz",
    "href": "/ip/KONG-Naturals-Premium-Catnip-2-Oz/25176547?classType=REGULAR",
    "currentPrice": "current price $18.99",
    "pricePerOz": "N/A",
    "pickup": "Free shipping, arrives in 3+ days",
    "delivery": "N/A",
    "shipping": "N/A"
  },
  {
    "ioId": "41MMVQFNNX6V",
    "linkIdentifier": "21349242",
    "text": "Temptations Mixups Crunchy & Soft Dry Cat Treats Backyard Cookout Flavor, 6.3 oz Pouch",
    "href": "/ip/Temptations-Mixups-Crunchy-Soft-Dry-Cat-Treats-Backyard-Cookout-Flavor-6-3-oz-Pouch/21349242?classType=VARIANT&athbdg=L1103",
    "currentPrice": "current price $3.98",
    "pricePerOz": "63.2 ¢/oz",
    "pickup": "Pickup today",
    "delivery": "Delivery today",
    "shipping": "Shipping, arrives tomorrow"
  },
  {
    "ioId": "1O1LEFOVOT3Z",
    "linkIdentifier": "2272341892",
    "text": "( 2 pack ) TEMPTATIONS Classic Crunchy and Soft Cat Treats Tempting Tuna Flavor, 6.3 oz. Pouch",
    "href": "/ip/2-pack-TEMPTATIONS-Classic-Crunchy-and-Soft-Cat-Treats-Tempting-Tuna-Flavor-6-3-oz-Pouch/2272341892?classType=REGULAR",
    "currentPrice": "current price Now $13.02",
    "pricePerOz": "$20.99",
    "pickup": "Shipping, arrives in 3+ days",
    "delivery": "N/A",
    "shipping": "N/A"
  },
  {
    "ioId": "2JL2HOTKW4WC",
    "linkIdentifier": "1504567566",
    "text": "Hartz Delectables Squeeze Up Interactive Lickable Wet Cat Treats Tuna & Salmon, 0.5oz Tube (4 Count)",
    "href": "/ip/Hartz-Delectables-Squeeze-Up-Interactive-Lickable-Wet-Cat-Treat-Tuna-Salmon-0-5oz-Tube-4-Count/1504567566?classType=VARIANT&athbdg=L1102",
    "currentPrice": "current price $2.57",
    "pricePerOz": "N/A",
    "pickup": "Pickup today",
    "delivery": "Delivery today",
    "shipping": "N/A"
  },
  {
    "ioId": "54O5FKYHB593",
    "linkIdentifier": "256536547",
    "text": "Temptations Jumbo Stuff Tempting Tuna Flavor Crunchy and Soft Dry Cat Treats, 14 oz Tub",
    "href": "/ip/Temptations-Jumbo-Stuff-Tempting-Tuna-Flavor-Crunchy-And-Soft-Treats-For-Cats-14-Oz-Tub/256536547?classType=VARIANT",
    "currentPrice": "current price $9.09",
    "pricePerOz": "64.9 ¢/oz",
    "pickup": "Pickup today",
    "delivery": "Delivery today",
    "shipping": "Shipping, arrives tomorrow"
  },
  {
    "ioId": "2Q2ZA97QNXIP",
    "linkIdentifier": "581013885",
    "text": "Hartz Delectables Stew Non-Seafood Lickable Wet Cat Treats Variety Pack, 12 Count",
    "href": "/ip/Hartz-Delectables-Stew-Non-Seafood-Lickable-Wet-Cat-Treats-Variety-Pack-12-Count/581013885?classType=VARIANT",
    "currentPrice": "current price $13.58",
    "pricePerOz": "80.8 ¢/oz",
    "pickup": "Pickup today",
    "delivery": "Delivery today",
    "shipping": "Shipping, arrives tomorrow"
  },
  {
    "ioId": "735GGHDJW00W",
    "linkIdentifier": "5550081458",
    "text": "(2 pack) Purina Friskies Party Mix Cat Treats, Beachside Crunch Snacks, 30 oz. Canister",
    "href": "/ip/Purina-Friskies-Party-Mix-Cat-Treats-Beachside-Crunch-Snacks-30-oz-Canister/5550081458?classType=VARIANT",
    "currentPrice": "current price $24.88",
    "pricePerOz": "41.5 ¢/oz",
    "pickup": "Pickup today",
    "delivery": "Delivery today",
    "shipping": "Shipping, arrives tomorrow"
  },
  {
    "ioId": "117QXI1EUOJ5",
    "linkIdentifier": "935909854",
    "text": "TEMPTATIONS Creamy Puree Salmon and Chicken Lickable Cat Treats Variety Pack, (16) 12g Pouches",
    "href": "/ip/Temptations-Creamy-Puree-Lickable-Variety-Pack-Treats-For-Cats-6-7-Oz-Pouch-16-Pack/935909854?classType=VARIANT",
    "currentPrice": "current price $11.13",
    "pricePerOz": "$1.66/oz",
    "pickup": "Shipping, arrives tomorrow",
    "delivery": "N/A",
    "shipping": "N/A"
  },
  {
    "ioId": "171Z161A1944",
    "linkIdentifier": "5239406470",
    "text": "TEMPTATIONS Meaty Bites, Soft and Savory Cat Treats, Tuna Flavor, 4.12 oz. Pouch",
    "href": "/ip/TEMPTATIONS-Meaty-Bites-Soft-and-Savory-Cat-Treats-Tuna-Flavor-4-12-oz-Pouch/5239406470?classType=REGULAR",
    "currentPrice": "N/A",
    "pricePerOz": "N/A",
    "pickup": "Free shipping, arrives in 3+ days",
    "delivery": "N/A",
    "shipping": "N/A"
  },
  {
    "ioId": "67VLTY73X1NN",
    "linkIdentifier": "556329602",
    "text": "13.8 oz (3 x 4.6 oz) Greenies Feline Natural Dental Treats Catnip Flavor",
    "href": "/ip/13-8-oz-3-x-4-6-oz-Greenies-Feline-Natural-Dental-Treats-Catnip-Flavor/556329602?classType=VARIANT",
    "currentPrice": "current price $29.90",
    "pricePerOz": "N/A",
    "pickup": "Free shipping, arrives in 3+ days",
    "delivery": "N/A",
    "shipping": "N/A"
  },
  {
    "ioId": "4FZGVBSJTW8Z",
    "linkIdentifier": "42425077",
    "text": "Purina Fancy Feast Broths Kitten Food, Wet Cat Food, Seafood Collection, 1.4 oz Pouch (12 Pack)",
    "href": "/ip/Purina-Fancy-Feast-Broths-Kitten-Food-Wet-Cat-Food-Seafood-Collection-1-4-oz-Pouch-12-Pack/42425077?classType=VARIANT",
    "currentPrice": "current price Now $13.27",
    "pricePerOz": "$17.64",
    "pickup": "Pickup today",
    "delivery": "Delivery today",
    "shipping": "Shipping, arrives tomorrow"
  },
  {
    "ioId": "1T2YHEKYOG58",
    "linkIdentifier": "573614161",
    "text": "Temptations Classic Blissful Catnip Flavor Crunchy And Soft Dry Cat Treats, 16 Oz Tub",
    "href": "/ip/Temptations-Classic-Blissful-Catnip-Flavor-Crunchy-And-Soft-Dry-Cat-Treats-16-Oz-Tub/573614161?classType=VARIANT",
    "currentPrice": "current price $9.06",
    "pricePerOz": "56.6 ¢/oz",
    "pickup": "Shipping, arrives tomorrow",
    "delivery": "N/A",
    "shipping": "N/A"
  },
  {
    "ioId": "2ZP6J7FUVKI1",
    "linkIdentifier": "2670285865",
    "text": "Hartz Delectables Squeeze up Non-Seafood Variety Pack Lickable Wet Cat Treats, 0.5oz Tube (54 Count)",
    "href": "/ip/Hartz-Delectables-Squeeze-up-Non-Seafood-Variety-Pack-Lickable-Wet-Cat-Treats-0-5oz-Tube-54-Count/2670285865?classType=VARIANT",
    "currentPrice": "current price $24.58",
    "pricePerOz": "91.0 ¢/oz",
    "pickup": "Shipping, arrives tomorrow",
    "delivery": "N/A",
    "shipping": "N/A"
  },
  {
    "ioId": "6FAYP5JGXR6U",
    "linkIdentifier": "2656542252",
    "text": "Temptations Tasty Chicken Cat Treats 16 oz (Pack of 32)",
    "href": "/ip/Temptations-16-Oz-Tasty-Chicken-Cat-Treat-Pack-of-32/2656542252?classType=REGULAR",
    "currentPrice": "current price $322.26",
    "pricePerOz": "N/A",
    "pickup": "Free shipping, arrives in 3+ days",
    "delivery": "N/A",
    "shipping": "N/A"
  },
  {
    "ioId": "337EK2WTLUHD",
    "linkIdentifier": "531460671",
    "text": "Purina Friskies Grain Free Lickable Cat Food Toppers Lil’ Soups with Sockeye Salmon in Chicken Broth, 1.2 oz Cup",
    "href": "/ip/Purina-Friskies-Lil-Soups-Lickable-Cat-Treats-Soft-Salmon-Chicken-Broth-Snacks-1-2-oz-Cups/531460671?classType=VARIANT&athbdg=L1102",
    "currentPrice": "current price $1.34",
    "pricePerOz": "$1.12/oz",
    "pickup": "Pickup today",
    "delivery": "Delivery today",
    "shipping": "N/A"
  },
  {
    "ioId": "5R6K7RYKSY9Y",
    "linkIdentifier": "5218338542",
    "text": "(6 pack) Purina Friskies Party Mix Morning Munch Crunch Cat Treats, Bacon, Egg, & Cheese, 2.1 oz Bag",
    "href": "/ip/Purina-Friskies-Party-Mix-Morning-Munch-Crunch-Cat-Treats-2-1-oz-Pouch/5218338542?classType=VARIANT",
    "currentPrice": "current price $8.88",
    "pricePerOz": "70.5 ¢/oz",
    "pickup": "Pickup today",
    "delivery": "Delivery today",
    "shipping": "Shipping, arrives tomorrow"
  },
  {
    "ioId": "3N94N1GJIPJQ",
    "linkIdentifier": "432285959",
    "text": "Blue Buffalo Bursts Chicken Flavor Crunchy Treats for Cats, Whole Grain, 5 oz. Bag",
    "href": "/ip/Blue-Buffalo-Bursts-Chicken-Flavor-Crunchy-Treats-for-Cats-Whole-Grain-5-oz-Bag/432285959?classType=VARIANT",
    "currentPrice": "current price $5.30",
    "pricePerOz": "$1.06/oz",
    "pickup": "Free shipping, arrives in 3+ days",
    "delivery": "N/A",
    "shipping": "N/A"
  },
  {
    "ioId": "1ZQ8CLGX63BW",
    "linkIdentifier": "2716400268",
    "text": "(4 pack) Purina Friskies Natural, Grain Free Lickable Cat Treats Lil’ Soups With Tuna in Chicken Broth, 1.2 oz Cup",
    "href": "/ip/Purina-Friskies-Lil-Soups-Lickable-Cat-Treats-Soft-Tuna-Chicken-Broth-Snacks-1-2-oz-Cups-8-Pack/2716400268?classType=VARIANT&athbdg=L1103",
    "currentPrice": "current price $5.36",
    "pricePerOz": "$1.12/oz",
    "pickup": "Pickup today",
    "delivery": "Delivery today",
    "shipping": "Shipping, arrives tomorrow"
  },
  {
    "ioId": "63GPMLY55R52",
    "linkIdentifier": "5716923817",
    "text": "(3 pack) Purina Friskies Party Mix Cat Treats, Chicken Lover Crunch, 20 oz Canister",
    "href": "/ip/Purina-Friskies-Party-Mix-Cat-Treats-Chicken-Lovers-Crunch-Snacks-20-oz-Canister/5716923817?classType=VARIANT",
    "currentPrice": "current price $26.94",
    "pricePerOz": "44.9 ¢/oz",
    "pickup": "Shipping, arrives tomorrow",
    "delivery": "N/A",
    "shipping": "N/A"
  },
  {
    "ioId": "26CWLBBJYTS7",
    "linkIdentifier": "989274538",
    "text": "Special Kitty Chicken/Salmon Flavor Crunchy Treat for Cat, 16 oz",
    "href": "/ip/Special-Kitty-Chicken-Salmon-Flavor-Crunchy-Treat-for-Cat-16-oz/989274538?classType=VARIANT",
    "currentPrice": "current price $6.32",
    "pricePerOz": "39.5 ¢/oz",
    "pickup": "Shipping, arrives tomorrow",
    "delivery": "N/A",
    "shipping": "N/A"
  },
  {
    "ioId": "6IB88YCR32TF",
    "linkIdentifier": "705841977",
    "text": "Temptations Shakeups Crustacean Celebration Flavor Crunchy and Soft Treats For Cats, 2.47 oz Pouch",
    "href": "/ip/Temptations-Shakeups-Crustacean-Celebration-Flavor-Crunchy-And-Soft-Treats-For-Cats-2-47-Oz-Pouch/705841977?classType=VARIANT&athbdg=L1102",
    "currentPrice": "current price $2.58",
    "pricePerOz": "$1.03/oz",
    "pickup": "Pickup today",
    "delivery": "Delivery today",
    "shipping": "Shipping, arrives tomorrow"
  },
  {
    "ioId": "0ZO0ZL38IQDC",
    "linkIdentifier": "5550081486",
    "text": "(10 pack) Purina Friskies Party Mix Wild West Crunch Cat Treats, Beef, Liver, & Cheddar, 2.1 oz Bag",
    "href": "/ip/Purina-Friskies-Cat-Treats-Party-Mix-Wild-West-Crunch-2-1-oz-Pouch/5550081486?classType=VARIANT",
    "currentPrice": "current price $14.80",
    "pricePerOz": "70.5 ¢/oz",
    "pickup": "Pickup today",
    "delivery": "Delivery today",
    "shipping": "Shipping, arrives tomorrow"
  },
  {
    "ioId": "11DJUAKWLXCS",
    "linkIdentifier": "284382410",
    "text": "Special Kitty Crunchy & Creamy Cat Treats, Salmon Flavor, 16 oz",
    "href": "/ip/Special-Kitty-Crunchy-Creamy-Cat-Treats-Salmon-Flavor-16-oz/284382410?classType=VARIANT&athbdg=L1102",
    "currentPrice": "current price $6.32",
    "pricePerOz": "N/A",
    "pickup": "Pickup today",
    "delivery": "Delivery today",
    "shipping": "Shipping, arrives tomorrow"
  },
  {
    "ioId": "4JES99FGNSCV",
    "linkIdentifier": "1479658264",
    "text": "(5 pack) Purina Friskies Party Mix Gravy-licious, Cat Treats, Chicken & Gravy, 2.1 oz Bag",
    "href": "/ip/Purina-Friskies-Cat-Treats-Party-Mix-Gravy-licious-Crunch-Chicken-and-Gravy-Flavors-2-1-oz-Pouch/1479658264?classType=VARIANT",
    "currentPrice": "current price $7.40",
    "pricePerOz": "70.5 ¢/oz",
    "pickup": "Pickup today",
    "delivery": "Delivery today",
    "shipping": "Shipping, arrives tomorrow"
  },
  {
    "ioId": "31BHHUD87KWH",
    "linkIdentifier": "5553535903",
    "text": "(6 pack) Purina Friskies Cat Treats, Party Mix California Crunch With Chicken",
    "href": "/ip/Purina-Friskies-Cat-Treats-Party-Mix-California-Crunch-with-Chicken-6-oz-Bag/5553535903?classType=VARIANT",
    "currentPrice": "current price $20.88",
    "pricePerOz": "58.0 ¢/oz",
    "pickup": "Pickup today",
    "delivery": "Delivery today",
    "shipping": "Shipping, arrives tomorrow"
  },
  {
    "ioId": "6ZZFRGIMU414",
    "linkIdentifier": "27733423",
    "text": "Greenies Smartbites Chicken Flavor Crunchy Soft Treat For Cat, 2.1 Oz",
    "href": "/ip/Greenies-Smartbite-Hairball-Chicken-Cat-Treat/27733423?classType=VARIANT&athbdg=L1103",
    "currentPrice": "current price $3.28",
    "pricePerOz": "$1.56/oz",
    "pickup": "Pickup today",
    "delivery": "Delivery today",
    "shipping": "N/A"
  },
  {
    "ioId": "6AEAPE0XXWPX",
    "linkIdentifier": "678829411",
    "text": "Temptations Kitten Salmon And Dairy Flavor Crunchy And Soft Treats For Kitten, 6.3 Oz Pouch",
    "href": "/ip/Temptations-Kitten-Salmon-And-Dairy-Flavor-Crunchy-And-Soft-Treats-For-Kitten-6-3-Oz-Pouch/678829411?classType=VARIANT",
    "currentPrice": "current price $3.98",
    "pricePerOz": "63.2 ¢/oz",
    "pickup": "Pickup today",
    "delivery": "Delivery today",
    "shipping": "N/A"
  },
  {
    "ioId": "11KQ9UBU3HZC",
    "linkIdentifier": "526801057",
    "text": "Temptations Backyard Cookout Mixups Treats for Cats 16 oz (Pack of 4)",
    "href": "/ip/Whiskas-Temptations-Mixups-Treats-for-Cats-Pack-of-4/526801057?classType=REGULAR",
    "currentPrice": "current price $50.70",
    "pricePerOz": "N/A",
    "pickup": "Free shipping, arrives in 3+ days",
    "delivery": "N/A",
    "shipping": "N/A"
  },
  {
    "ioId": "119XYLCQ8U17",
    "linkIdentifier": "1998132509",
    "text": "Hartz Delectables Squeeze Up Interactive Lickable Wet Cat Treat Variety Pack, 0.5oz Tube (72 Count)",
    "href": "/ip/Hartz-Delectables-Squeeze-Up-Interactive-Lickable-Wet-Cat-Treat-Variety-Pack-0-5oz-Tube-72-Count/1998132509?classType=VARIANT",
    "currentPrice": "current price $40.61",
    "pricePerOz": "$1.13/oz",
    "pickup": "Free shipping, arrives tomorrow",
    "delivery": "N/A",
    "shipping": "N/A"
  },
  {
    "ioId": "3BC3UXCFGOG3",
    "linkIdentifier": "399286736",
    "text": "Temptations Classic Rockin' Lobster Flavor Crunchy and Soft Dry Cat Treats, 6.3 oz Pouch",
    "href": "/ip/Temptations-Classic-Rockin-Lobster-Flavor-Crunchy-And-Soft-Treats-For-Cats-6-3-Oz-Pouch/399286736?classType=VARIANT",
    "currentPrice": "current price $3.98",
    "pricePerOz": "63.2 ¢/oz",
    "pickup": "Pickup today",
    "delivery": "Delivery today",
    "shipping": "N/A"
  },
  {
    "ioId": "5C6JCETR39VC",
    "linkIdentifier": "722331752",
    "text": "Feline Greenies Adult Natural Dental Care Dry Cat Treats, Oven Roasted Chicken Flavor, 21 Oz Tub",
    "href": "/ip/Greenies-Feline-Oven-Roasted-Chicken-Flavor-Dental-Treats-for-Cats-Value-Size-21-oz-Tub/722331752?classType=VARIANT",
    "currentPrice": "current price $27.95",
    "pricePerOz": "$1.75/oz",
    "pickup": "Free shipping, arrives in 3+ days",
    "delivery": "N/A",
    "shipping": "N/A"
  },
  {
    "ioId": "4D5DDMGBWYNC",
    "linkIdentifier": "5229967231",
    "text": "(4 pack) Pure Balance Gourmet Cat Treat Starters, Shredded Chicken & Beef Recipe, 1.4 Oz, 5 Pack",
    "href": "/ip/Pure-Balance-Classic-Starters-Gourmet-Cat-Treats-Shredded-Chicken-Beef-in-Broth-1-4-oz-5-Pack/5229967231?classType=VARIANT",
    "currentPrice": "current price $14.88",
    "pricePerOz": "53.1 ¢/oz",
    "pickup": "Shipping, arrives tomorrow",
    "delivery": "N/A",
    "shipping": "N/A"
  },
  {
    "ioId": "5N42843CCFC6",
    "linkIdentifier": "386293892",
    "text": "INABA Churu Creamy, Lickable Purée Cat Treat w Taurine, 0.5 oz, 50 Tubes, Tuna & Chicken Variety",
    "href": "/ip/INABA-Churu-Cat-Treats-Grain-Free-Lickable-Squeezable-Creamy-Pur-e-Treat-Topper-Vitamin-E-Taurine-0-5-Ounces-Each-Tube-50-Tubes-Tuna-Chicken-Variety/386293892?classType=VARIANT",
    "currentPrice": "current price Now $32.59",
    "pricePerOz": "$39.99",
    "pickup": "Shipping, arrives tomorrow",
    "delivery": "N/A",
    "shipping": "N/A"
  },
  {
    "ioId": "1WECOTIAHVPG",
    "linkIdentifier": "711840733",
    "text": "Purina Friskies Party Mix Cat Treats, Lobster and Mac 'N' Cheese, 6 oz Bag",
    "href": "/ip/Purina-Friskies-Party-Mix-Cat-Treats-Lobster-and-Mac-N-Cheese-6-oz-Bag/711840733?classType=VARIANT",
    "currentPrice": "current price $3.48",
    "pricePerOz": "58.0 ¢/oz",
    "pickup": "Pickup today",
    "delivery": "Delivery today",
    "shipping": "N/A"
  },
  {
    "ioId": "2WKZ01XZQKR9",
    "linkIdentifier": "945840563",
    "text": "Temptations Tasty Chicken Cat Treats 16 oz (Pack of 10)",
    "href": "/ip/Temptations-16-Oz-Tasty-Chicken-Cat-Treat-Pack-of-10/945840563?classType=REGULAR",
    "currentPrice": "current price $109.48",
    "pricePerOz": "N/A",
    "pickup": "Free shipping, arrives in 3+ days",
    "delivery": "N/A",
    "shipping": "N/A"
  },
  {
    "ioId": "1C9MS5GMXNUB",
    "linkIdentifier": "887456565",
    "text": "Hartz Delectables Savory Broths Lickable Wet Cat Treats Variety Pack, 12 Count",
    "href": "/ip/Hartz-Delectables-Savory-Broths-Lickable-Wet-Cat-Treats-Variety-Pack-12-Count/887456565?classType=VARIANT",
    "currentPrice": "current price $13.83",
    "pricePerOz": "82.3 ¢/oz",
    "pickup": "Shipping, arrives tomorrow",
    "delivery": "N/A",
    "shipping": "N/A"
  },
  {
    "ioId": "26UH4L8IU08N",
    "linkIdentifier": "2297240500",
    "text": "TEMPTATIONS Classic Crunchy and Soft Cat Treats Seafood Lovers Variety Pack, (6) 3 oz. Pouches",
    "href": "/ip/TEMPTATIONS-Classic-Crunchy-and-Soft-Cat-Treats-Seafood-Lovers-Variety-Pack-6-3-oz-Pouches/2297240500?classType=REGULAR",
    "currentPrice": "current price Now $22.99",
    "pricePerOz": "$29.75",
    "pickup": "Shipping, arrives in 3+ days",
    "delivery": "N/A",
    "shipping": "N/A"
  },
  {
    "ioId": "0X0U7S4PXAZ0",
    "linkIdentifier": "584495384",
    "text": "Special Kitty Crunchy & Creamy Tuna Flavor Cat Treats, 16 oz",
    "href": "/ip/Special-Kitty-Tuna-Salmon-Flavor-Crunchy-Treat-for-Cat-16-oz/584495384?classType=VARIANT",
    "currentPrice": "current price $7.58",
    "pricePerOz": "47.4 ¢/oz",
    "pickup": "Shipping, arrives tomorrow",
    "delivery": "N/A",
    "shipping": "N/A"
  },
  {
    "ioId": "4UBL7VJ88YEB",
    "linkIdentifier": "5550031640",
    "text": "(3 pack) Purina Friskies Party Mix Seafood Lovers Crunch, Cat Treats, Scallop, Lobster, & Shrimp, 6 oz Bag",
    "href": "/ip/Purina-Friskies-Cat-Treats-Party-Mix-Seafood-Lovers-Crunch-6-oz-Pouch/5550031640?classType=VARIANT",
    "currentPrice": "current price $10.44",
    "pricePerOz": "58.0 ¢/oz",
    "pickup": "Shipping, arrives tomorrow",
    "delivery": "N/A",
    "shipping": "N/A"
  },
  {
    "ioId": "2J2JAW44FOJR",
    "linkIdentifier": "2323382287",
    "text": "Inaba Churu Creamy, Lickable Wet Cat Treats, 0.5 oz, 20 Tubes, Tuna Variety",
    "href": "/ip/Inaba-Churu-Creamy-Lickable-Wet-Cat-Treats-0-5-oz-20-Tubes-Tuna-Variety/2323382287?classType=VARIANT",
    "currentPrice": "current price $10.98",
    "pricePerOz": "$1.10/oz",
    "pickup": "Shipping, arrives tomorrow",
    "delivery": "N/A",
    "shipping": "N/A"
  },
  {
    "ioId": "4OMYEFT0DDPF",
    "linkIdentifier": "637200840",
    "text": "Temptations Classic Shrimpy Shrimp Flavor Crunchy And Soft Dry Cat Treats, 16 Oz Tub",
    "href": "/ip/Temptations-Classic-Shrimpy-Shrimp-Flavor-Crunchy-And-Soft-Treats-For-Cats-16-Oz-Tub/637200840?classType=VARIANT",
    "currentPrice": "current price $8.48",
    "pricePerOz": "53.0 ¢/oz",
    "pickup": "Shipping, arrives tomorrow",
    "delivery": "N/A",
    "shipping": "N/A"
  },
  {
    "ioId": "70TOKQMLFB2F",
    "linkIdentifier": "25176547",
    "text": "KONG Naturals Premium Catnip, 2 Oz",
    "href": "/ip/KONG-Naturals-Premium-Catnip-2-Oz/25176547?classType=REGULAR",
    "currentPrice": "current price $18.99",
    "pricePerOz": "N/A",
    "pickup": "Free shipping, arrives in 3+ days",
    "delivery": "N/A",
    "shipping": "N/A"
  },
  {
    "ioId": "26UH4L8IU08N",
    "linkIdentifier": "2297240500",
    "text": "TEMPTATIONS Classic Crunchy and Soft Cat Treats Seafood Lovers Variety Pack, (6) 3 oz. Pouches",
    "href": "/ip/TEMPTATIONS-Classic-Crunchy-and-Soft-Cat-Treats-Seafood-Lovers-Variety-Pack-6-3-oz-Pouches/2297240500?classType=REGULAR",
    "currentPrice": "current price Now $22.99",
    "pricePerOz": "$29.75",
    "pickup": "Shipping, arrives in 3+ days",
    "delivery": "N/A",
    "shipping": "N/A"
  },
  {
    "ioId": "4OMYEFT0DDPF",
    "linkIdentifier": "637200840",
    "text": "Temptations Classic Shrimpy Shrimp Flavor Crunchy And Soft Dry Cat Treats, 16 Oz Tub",
    "href": "/ip/Temptations-Classic-Shrimpy-Shrimp-Flavor-Crunchy-And-Soft-Treats-For-Cats-16-Oz-Tub/637200840?classType=VARIANT",
    "currentPrice": "current price $8.48",
    "pricePerOz": "53.0 ¢/oz",
    "pickup": "Shipping, arrives tomorrow",
    "delivery": "N/A",
    "shipping": "N/A"
  },
  {
    "ioId": "6CQ1V9UPPTIG",
    "linkIdentifier": "766791258",
    "text": "Hartz Delectables Bisque Non-Seafood Lickable Wet Cat Treats, Chicken - 1.4oz, One Pouch",
    "href": "/ip/Hartz-Delectables-Bisque-Non-Seafood-Lickable-Wet-Cat-Treats-Chicken-1-4oz-One-Pouch/766791258?classType=VARIANT&athbdg=L1102",
    "currentPrice": "current price $1.12",
    "pricePerOz": "80.0 ¢/oz",
    "pickup": "Pickup today",
    "delivery": "Delivery today",
    "shipping": "N/A"
  },
  {
    "ioId": "1LULCA6KAF57",
    "linkIdentifier": "922361884",
    "text": "Temptations Treats for Cats Hearty Beef Flavor 3 oz (Pack of 8)",
    "href": "/ip/TEMPTATIONS-Classic-Treats-for-Cats-Hearty-Beef-Flavor-Pack-of-8/922361884?classType=REGULAR",
    "currentPrice": "current price $31.17",
    "pricePerOz": "N/A",
    "pickup": "Free shipping, arrives in 3+ days",
    "delivery": "N/A",
    "shipping": "N/A"
  },
  {
    "ioId": "10TWPE351OWX",
    "linkIdentifier": "38239999",
    "text": "Purina Fancy Feast Broths Kitten Food, Wet Cat Food, Tuna, Shrimp, & Whitefishm 1.4 oz Pouch",
    "href": "/ip/Purina-Fancy-Feast-Broths-Kitten-Food-Wet-Cat-Food-Tuna-Shrimp-Whitefishm-1-4-oz-Pouch/38239999?classType=VARIANT",
    "currentPrice": "current price $1.48",
    "pricePerOz": "$1.06/oz",
    "pickup": "Pickup today",
    "delivery": "Delivery today",
    "shipping": "N/A"
  },
  {
    "ioId": "5PZ46L8HGCXT",
    "linkIdentifier": "100500164",
    "text": "SmartyKat Organic Catnip for Cats, Certified Organic & Natural, Resealable Pouch, 0.5 oz",
    "href": "/ip/SmartyKat-Organic-Catnip-for-Cats-Certified-Organic-Natural-Resealable-Pouch-0-5-oz/100500164?classType=REGULAR",
    "currentPrice": "N/A",
    "pricePerOz": "N/A",
    "pickup": "Free shipping, arrives in 3+ days",
    "delivery": "N/A",
    "shipping": "N/A"
  },
  {
    "ioId": "2HK2EJIHNRXS",
    "linkIdentifier": "998615047",
    "text": "Purina Fancy Feast Appetizers, Wet Cat Food Broth, Tuna with a Scallop Topper, 1.1 oz Tray",
    "href": "/ip/Purina-Fancy-Feast-Appetizers-Grain-Free-Wet-Cat-Food-Broth-Light-Meat-Tuna-Appetizer-with-a-Scallop-Topper-1-1-oz-Tray/998615047?classType=VARIANT",
    "currentPrice": "current price $1.20",
    "pricePerOz": "$1.09/oz",
    "pickup": "Shipping, arrives in 3+ days",
    "delivery": "N/A",
    "shipping": "N/A"
  },
  {
    "ioId": "2907179JLEOX",
    "linkIdentifier": "469895034",
    "text": "Delectables Stew Non Seafood Chicken Wet Cat Treat 1.4oz, 12 pack",
    "href": "/ip/Hartz-Delectables-Stew-Non-Seafood-Chicken-Lickable-Wet-Cat-Treat-1-4oz-12-Pack/469895034?classType=VARIANT",
    "currentPrice": "current price $18.00",
    "pricePerOz": "$1.50/ea",
    "pickup": "Free shipping, arrives in 3+ days",
    "delivery": "N/A",
    "shipping": "N/A"
  },
  {
    "ioId": "4CGQKYK4W0YG",
    "linkIdentifier": "27733426",
    "text": "Feline Greenies Smartbites Healthy Indoor Natural Dry Cat Treats, Tuna Flavor, 2.1 Oz Pouch",
    "href": "/ip/Greenies-Smartbite-Hairball-Tuna-Cat-Treat/27733426?classType=VARIANT",
    "currentPrice": "current price Now $6.65",
    "pricePerOz": "$8.28",
    "pickup": "Pickup today",
    "delivery": "Delivery today",
    "shipping": "Shipping, arrives tomorrow"
  },
  {
    "ioId": "38IEUGDMSQA1",
    "linkIdentifier": "367915740",
    "text": "Hartz Delectables Squeeze up Variety Pack Interactive Lickable Wet Cat Treat, 0.5oz (24 Count)",
    "href": "/ip/Hartz-Delectables-Squeeze-Up-Variety-Pack-Interactive-Lickable-Wet-Cat-Treat-0-5oz-24-Count/367915740?classType=VARIANT",
    "currentPrice": "current price $13.86",
    "pricePerOz": "$1.16/oz",
    "pickup": "Shipping, arrives tomorrow",
    "delivery": "N/A",
    "shipping": "N/A"
  },
  {
    "ioId": "3KTLWLIHYVOL",
    "linkIdentifier": "5551789376",
    "text": "(3 pack) Purina Friskies Party Mix Gravy-licious, Cat Treats, Chicken & Gravy, 6 oz Bag",
    "href": "/ip/Purina-Friskies-Cat-Treats-Party-Mix-Gravy-licious-Crunch-Chicken-and-Gravy-Flavors/5551789376?classType=VARIANT",
    "currentPrice": "current price $10.44",
    "pricePerOz": "9.7 ¢/oz",
    "pickup": "Pickup today",
    "delivery": "Delivery today",
    "shipping": "Shipping, arrives tomorrow"
  },
  {
    "ioId": "6NYY9YKTBVM1",
    "linkIdentifier": "1875746675",
    "text": "(4 pack) Pure Balance Gourmet Cat Treat Starters, Salmon, Tuna & Shrimp Recipe Variety Pack, 1.4 Oz, 5 Pack",
    "href": "/ip/Pure-Balance-Classic-Starters-Gourmet-Cat-Treats-Poached-Salmon-in-Broth-and-Flaked-Tuna-Shrimp-in-Broth-Variety-Pack-1-4-oz-5-Count/1875746675?classType=VARIANT&athbdg=L1103",
    "currentPrice": "current price $14.68",
    "pricePerOz": "52.4 ¢/oz",
    "pickup": "Shipping, arrives tomorrow",
    "delivery": "N/A",
    "shipping": "N/A"
  },
  {
    "ioId": "5VJNNVBMDY82",
    "linkIdentifier": "616981705",
    "text": "SmartyKat Catnip with Silvervine, Pure & Potent Blend for Cats, Resealable Pouch, 0.5 oz",
    "href": "/ip/SmartyKat-Catnip-with-Silvervine-Pure-Potent-Blend-for-Cats-Resealable-Pouch-0-5-oz/616981705?classType=VARIANT&athbdg=L1103",
    "currentPrice": "current price $2.08",
    "pricePerOz": "$4.16/oz",
    "pickup": "Pickup today",
    "delivery": "Delivery today",
    "shipping": "Shipping, arrives tomorrow"
  },
  {
    "ioId": "35AXEXVO46PI",
    "linkIdentifier": "811492711",
    "text": "Pure Balance Gourmet Cat Treats Starters, Poached Salmon Recipe, 1.4 Oz",
    "href": "/ip/Pure-Balance-Classic-Starters-Gourmet-Cat-Treats-Poached-Salmon-in-Broth-1-4-oz/811492711?classType=VARIANT&athbdg=L1102",
    "currentPrice": "current price $0.82",
    "pricePerOz": "58.6 ¢/oz",
    "pickup": "Pickup today",
    "delivery": "Delivery today",
    "shipping": "N/A"
  },
  {
    "ioId": "2BR253YROS7O",
    "linkIdentifier": "318691408",
    "text": "Hartz Delectables Bisque Non-Seafood Lickable Wet Cat Treats Variety Pack, 12 Count",
    "href": "/ip/Hartz-Delectables-Bisque-Non-Seafood-Lickable-Wet-Cat-Treats-Variety-Pack-12-Count/318691408?classType=VARIANT",
    "currentPrice": "current price $12.94",
    "pricePerOz": "77.0 ¢/oz",
    "pickup": "Shipping, arrives in 2 days",
    "delivery": "N/A",
    "shipping": "N/A"
  },
  {
    "ioId": "3IT4QK3DW3ZC",
    "linkIdentifier": "963044828",
    "text": "Purina Fancy Feast Broths & Appetizers Kitten Food, Wet Cat Food, Complement Collection, 12 Pack",
    "href": "/ip/Purina-Fancy-Feast-Appetizers-and-Broths-Collection-Lickable-Grain-Free-Wet-Cat-Food-Topper-Variety-Pack/963044828?classType=VARIANT",
    "currentPrice": "current price $16.84",
    "pricePerOz": "$1.08/oz",
    "pickup": "Shipping, arrives tomorrow",
    "delivery": "N/A",
    "shipping": "N/A"
  },
  {
    "ioId": "31AWRYN0QDI8",
    "linkIdentifier": "14885046",
    "text": "Purina Friskies Party Mix Beachside Crunch, Cat Treats, Shrimp, Crab, & Tuna, 6 oz Bag",
    "href": "/ip/Purina-Friskies-Party-Mix-Beachside-Crunch-Cat-Treats-Shrimp-Crab-Tuna-6-oz-Bag/14885046?classType=VARIANT&athbdg=L1103",
    "currentPrice": "current price $3.48",
    "pricePerOz": "58.0 ¢/oz",
    "pickup": "Shipping, arrives tomorrow",
    "delivery": "N/A",
    "shipping": "N/A"
  },
  {
    "ioId": "2HIMCC832EFL",
    "linkIdentifier": "46713020",
    "text": "Meow Mix Irresistibles Cat Treats - Soft With White Meat Chicken, 6.5-Ounce Bag",
    "href": "/ip/Meow-Mix-Irresistibles-Cat-Treats-Soft-With-White-Meat-Chicken-6-5-Ounce-Bag/46713020?classType=VARIANT",
    "currentPrice": "current price $12.25",
    "pricePerOz": "$21.49/oz",
    "pickup": "Free shipping, arrives in 3+ days",
    "delivery": "N/A",
    "shipping": "N/A"
  },
  {
    "ioId": "3U088C49EAED",
    "linkIdentifier": "736905163",
    "text": "Temptations Backyard Cookout Mixups Treats for Cats 16 oz (Pack of 24)",
    "href": "/ip/Whiskas-Temptations-Mixups-Treats-for-Cats-Pack-of-24/736905163?classType=REGULAR",
    "currentPrice": "current price $248.40",
    "pricePerOz": "N/A",
    "pickup": "Free shipping, arrives in 3+ days",
    "delivery": "N/A",
    "shipping": "N/A"
  },
  {
    "ioId": "5NLHDG6H11K9",
    "linkIdentifier": "45031309",
    "text": "Meow Mix Irresistibles Cat Treats - Soft With Salmon, 12-Ounce Bag",
    "href": "/ip/Meow-Mix-Irresistibles-Cat-Treats-Soft-with-Salmon-12-oz/45031309?classType=VARIANT",
    "currentPrice": "current price $6.12",
    "pricePerOz": "51.0 ¢/oz",
    "pickup": "Pickup today",
    "delivery": "Delivery today",
    "shipping": "Shipping, arrives tomorrow"
  },
  {
    "ioId": "2PWD5S0BO029",
    "linkIdentifier": "415026986",
    "text": "Feline Greenies Adult Natural Dental Care Cat Treats, Savory Salmon Flavor, 21 Oz Tub",
    "href": "/ip/Greenies-Feline-Adult-Cat-Dental-Treats-Savory-Salmon-21-oz/415026986?classType=VARIANT",
    "currentPrice": "current price $22.98",
    "pricePerOz": "$1.09/oz",
    "pickup": "Shipping, arrives tomorrow",
    "delivery": "N/A",
    "shipping": "N/A"
  },
  {
    "ioId": "78ZY9SERSQSH",
    "linkIdentifier": "962393727",
    "text": "Zesty Paws Calming Bites for Cats, Stress & Anxiety Relief Supplement, Bacon Flavor, 30 ct",
    "href": "/ip/Zesty-Paws-Calming-Bites-for-Cats-Stress-Anxiety-Relief-Supplement-Bacon-Flavor-30-ct/962393727?classType=VARIANT&athbdg=L1600",
    "currentPrice": "current price $8.97",
    "pricePerOz": "29.9 ¢/count",
    "pickup": "Pickup today",
    "delivery": "Delivery today",
    "shipping": "Shipping, arrives tomorrow"
  },
  {
    "ioId": "4AVL8O7RY4I0",
    "linkIdentifier": "541391282",
    "text": "Purina Friskies Natural, Grain Free Lickable Cat Treats Lil’ Soups with Tuna in Chicken Broth, 1.2 oz Cups (8 Pack)",
    "href": "/ip/Purina-Friskies-Lil-Soups-Lickable-Cat-Treats-Soft-Tuna-Chicken-Broth-Snacks-1-2-oz-Cups-8-Pack/541391282?classType=VARIANT",
    "currentPrice": "current price Now $10.22",
    "pricePerOz": "$19.00",
    "pickup": "Shipping, arrives tomorrow",
    "delivery": "N/A",
    "shipping": "N/A"
  },
  {
    "ioId": "21DHL0ZVOKKH",
    "linkIdentifier": "43285803",
    "text": "Purina Fancy Feast Broths Kitten Food, Wet Cat Food, Classic Chicken & Vegetables, 1.4 oz Pouch",
    "href": "/ip/Purina-Fancy-Feast-Broths-Kitten-Food-Wet-Cat-Food-Classic-Chicken-Vegetables-1-4-oz-Pouch/43285803?classType=VARIANT",
    "currentPrice": "current price $1.48",
    "pricePerOz": "$1.06/oz",
    "pickup": "Pickup today",
    "delivery": "Delivery today",
    "shipping": "N/A"
  },
  {
    "ioId": "7GAYT8ZFCO95",
    "linkIdentifier": "43285804",
    "text": "Purina Fancy Feast Broths Kitten Food, Wet Cat Food, Silky Chicken & Vegetables, 1.4 oz Pouch",
    "href": "/ip/Purina-Fancy-Feast-Broths-Kitten-Food-Wet-Cat-Food-Silky-Chicken-Vegetables-1-4-oz-Pouch/43285804?classType=VARIANT&athbdg=L1600",
    "currentPrice": "current price $1.48",
    "pricePerOz": "$1.06/oz",
    "pickup": "Pickup today",
    "delivery": "Delivery today",
    "shipping": "Shipping, arrives tomorrow"
  },
  {
    "ioId": "65GUPJC7BXMX",
    "linkIdentifier": "914866578",
    "text": "Rachael Ray Nutrish Purrfect Broths Tasty Tuna Recipe, Lickable Complements for Cats, 1.4 oz. Pouch",
    "href": "/ip/Rachael-Ray-Nutrish-Purrfect-Broths-Tasty-Tuna-Recipe-Lickable-Complements-for-Cats-1-4-oz-Pouch/914866578?classType=VARIANT",
    "currentPrice": "current price $1.35",
    "pricePerOz": "96.4 ¢/oz",
    "pickup": "Shipping, arrives in 3+ days",
    "delivery": "N/A",
    "shipping": "N/A"
  },
  {
    "ioId": "0VS97VVZMG8X",
    "linkIdentifier": "37297870",
    "text": "Purina Whisker Lickin's Dental Cat Treats, Tuna, 10 oz Bag",
    "href": "/ip/Purina-Whisker-Lickin-s-Tuna-Flavor-Cat-Treats-Pouch-10-oz-Cats/37297870?classType=VARIANT",
    "currentPrice": "current price $4.98",
    "pricePerOz": "49.8 ¢/oz",
    "pickup": "Pickup today",
    "delivery": "Delivery today",
    "shipping": "N/A"
  },
  {
    "ioId": "3JLFIFPJZWLE",
    "linkIdentifier": "981348046",
    "text": "Feline Greenies Pill Pockets For Cats Natural Soft Cat Treats, Chicken Flavor, 3 Oz Pack (85 Treats)",
    "href": "/ip/Greenies-Feline-Pill-Pockets-Cat-Treats-Value-Size-Chicken-Flavor-3-Oz/981348046?classType=VARIANT",
    "currentPrice": "N/A",
    "pricePerOz": "N/A",
    "pickup": "Free shipping, arrives in 2 days",
    "delivery": "N/A",
    "shipping": "N/A"
  },
  {
    "ioId": "3QWXLELJM6YS",
    "linkIdentifier": "452909405",
    "text": "Purina Friskies Party Mix Natural Yums Cat Treats, Catnip Flavor, 20 oz Canister",
    "href": "/ip/Purina-Friskies-Party-Mix-Cat-Treats-Natural-Yums-Catnip-Flavor-20-oz-Canister/452909405?classType=VARIANT",
    "currentPrice": "current price $8.48",
    "pricePerOz": "42.4 ¢/oz",
    "pickup": "Shipping, arrives in 2 days",
    "delivery": "N/A",
    "shipping": "N/A"
  },
  {
    "ioId": "6HC9JVHYU08W",
    "linkIdentifier": "820848645",
    "text": "Feline Greenies Smartbites Healthy Indoor Natural Dry Dry Cat Treats, Chicken Flavor, 16 Oz Tub",
    "href": "/ip/FELINE-GREENIES-SMARTBITES-HEALTHY-INDOOR-Natural-Treats-for-Cats-Chicken-Flavor-16-oz-Tub/820848645?classType=VARIANT",
    "currentPrice": "current price $19.98",
    "pricePerOz": "$1.25/oz",
    "pickup": "Shipping, arrives tomorrow",
    "delivery": "N/A",
    "shipping": "N/A"
  },
  {
    "ioId": "6FTP2LPP8TSX",
    "linkIdentifier": "38240007",
    "text": "Purina Fancy Feast Broths Kitten Food, Wet Cat Food, Salmon & Vegetables, 1.4 oz Pouch",
    "href": "/ip/Purina-Fancy-Feast-Broths-Kitten-Food-Wet-Cat-Food-Salmon-Vegetables-1-4-oz-Pouch/38240007?classType=VARIANT",
    "currentPrice": "current price Now $0.89",
    "pricePerOz": "$1.48",
    "pickup": "Shipping, arrives in 3+ days",
    "delivery": "N/A",
    "shipping": "N/A"
  },
  {
    "ioId": "36SEIQX37203",
    "linkIdentifier": "1677119950",
    "text": "SENTRY Calming Chew for Cats, 4 ounces",
    "href": "/ip/SENTRY-Calming-Chews-for-Cats-Treat-Anxiety-and-Stress-Chicken-Flavor-4-Ounce-Bag-30-Servings/1677119950?classType=VARIANT",
    "currentPrice": "current price Now $9.94",
    "pricePerOz": "$11.99",
    "pickup": "Shipping, arrives tomorrow",
    "delivery": "N/A",
    "shipping": "N/A"
  },
  {
    "ioId": "4H0BTXAU60OI",
    "linkIdentifier": "5014524887",
    "text": "Temptations Lickable Spoons Wet Cat Treat, Chicken And Savory Salmon, 10 G, 8 Ct",
    "href": "/ip/Temptations-Lickable-Spoons-Wet-Cat-Treat-Chicken-And-Savory-Salmon-10-G-8-Ct/5014524887?classType=VARIANT",
    "currentPrice": "current price $5.48",
    "pricePerOz": "$1.96/oz",
    "pickup": "Shipping, arrives tomorrow",
    "delivery": "N/A",
    "shipping": "N/A"
  },
  {
    "ioId": "4NJ419LVO89E",
    "linkIdentifier": "2149125551",
    "text": "Greenies SmartBites Healthy Indoor Chicken Flavor Cat Treats 2,1 oz [Pack of 2]",
    "href": "/ip/Greenies-SmartBites-Healthy-Indoor-Chicken-Flavor-Cat-Treats-2-1-oz-Pack-of-2/2149125551?classType=REGULAR",
    "currentPrice": "current price $12.69",
    "pricePerOz": "+$3.99 shipping",
    "pickup": "Shipping, arrives in 3+ days",
    "delivery": "N/A",
    "shipping": "N/A"
  },
  {
    "ioId": "70TOKQMLFB2F",
    "linkIdentifier": "25176547",
    "text": "KONG Naturals Premium Catnip, 2 Oz",
    "href": "/ip/KONG-Naturals-Premium-Catnip-2-Oz/25176547?classType=REGULAR",
    "currentPrice": "current price $18.99",
    "pricePerOz": "N/A",
    "pickup": "Free shipping, arrives in 3+ days",
    "delivery": "N/A",
    "shipping": "N/A"
  },
  {
    "ioId": "2GOQVOWJA78M",
    "linkIdentifier": "744413920",
    "text": "Rachael Ray Nutrish Soft Spots Dry Cat Treats, Salmon, 2.5 oz. Bag",
    "href": "/ip/Rachael-Ray-Nutrish-Soft-Spots-Cat-Treats-Salmon-2-5-oz-Bag/744413920?classType=VARIANT",
    "currentPrice": "current price $7.91",
    "pricePerOz": "$3.16/oz",
    "pickup": "Free shipping, arrives in 3+ days",
    "delivery": "N/A",
    "shipping": "N/A"
  },
  {
    "ioId": "632MWQ6K240Y",
    "linkIdentifier": "190541903",
    "text": "INABA Churu Cat Treats, Creamy Lickable Purée Cat Treat with Vitamin E, 0.5 Ounces Each Tube, 4 Tubes, Tuna Recipe",
    "href": "/ip/INABA-Churu-Cat-Treats-Grain-Free-Lickable-Squeezable-Creamy-Pur-e-Treat-Topper-Vitamin-E-Taurine-0-5-Ounces-Each-Tube-4-Tubes-Tuna-Recipe/190541903?classType=VARIANT",
    "currentPrice": "current price $2.71",
    "pricePerOz": "$1.36/oz",
    "pickup": "Shipping, arrives in 3+ days",
    "delivery": "N/A",
    "shipping": "N/A"
  },
  {
    "ioId": "0X0U7S4PXAZ0",
    "linkIdentifier": "584495384",
    "text": "Special Kitty Crunchy & Creamy Tuna Flavor Cat Treats, 16 oz",
    "href": "/ip/Special-Kitty-Tuna-Salmon-Flavor-Crunchy-Treat-for-Cat-16-oz/584495384?classType=VARIANT&athbdg=L1102",
    "currentPrice": "current price $7.58",
    "pricePerOz": "47.4 ¢/oz",
    "pickup": "N/A",
    "delivery": "N/A",
    "shipping": "N/A"
  },
  {
    "ioId": "4UBL7VJ88YEB",
    "linkIdentifier": "5550031640",
    "text": "(3 pack) Purina Friskies Party Mix Seafood Lovers Crunch, Cat Treats, Scallop, Lobster, & Shrimp, 6 oz Bag",
    "href": "/ip/Purina-Friskies-Cat-Treats-Party-Mix-Seafood-Lovers-Crunch-6-oz-Pouch/5550031640?classType=VARIANT",
    "currentPrice": "current price $10.44",
    "pricePerOz": "58.0 ¢/oz",
    "pickup": "N/A",
    "delivery": "N/A",
    "shipping": "N/A"
  },
  {
    "ioId": "2J2JAW44FOJR",
    "linkIdentifier": "2323382287",
    "text": "Inaba Churu Creamy, Lickable Wet Cat Treats, 0.5 oz, 20 Tubes, Tuna Variety",
    "href": "/ip/Inaba-Churu-Creamy-Lickable-Wet-Cat-Treats-0-5-oz-20-Tubes-Tuna-Variety/2323382287?classType=VARIANT",
    "currentPrice": "current price $10.98",
    "pricePerOz": "$1.10/oz",
    "pickup": "N/A",
    "delivery": "N/A",
    "shipping": "N/A"
  },
  {
    "ioId": "6WFADV7CEIL0",
    "linkIdentifier": "38240008",
    "text": "Purina Fancy Feast Broths Kitten Food, Wet Cat Food, Salmon & Whitefish, 1.4 oz Pouch (8 Pack)",
    "href": "/ip/Purina-Fancy-Feast-Broths-Kitten-Food-Wet-Cat-Food-Salmon-Whitefish-1-4-oz-Pouch-8-Pack/38240008?classType=VARIANT",
    "currentPrice": "current price $1.48",
    "pricePerOz": "$1.06/oz",
    "pickup": "N/A",
    "delivery": "N/A",
    "shipping": "N/A"
  },
  {
    "ioId": "3UC348UM40Z4",
    "linkIdentifier": "5000131142",
    "text": "BONKERS Purrpops, Freeze Dried Tuna & Salmon Flavored Lollipops Cat Treats, 4 Pieces",
    "href": "/ip/Bonkers-Purrpops-Lollipop-Cat-Treats-Tip-Top-Tuna-Lip-Smackin-Salmon-Flavor-18-Pack/5000131142?classType=VARIANT&athbdg=L1103",
    "currentPrice": "current price Now $7.98",
    "pricePerOz": "$9.68",
    "pickup": "Shipping, arrives in 3+ days",
    "delivery": "N/A",
    "shipping": "N/A"
  },
  {
    "ioId": "5O5W1BIKIVOI",
    "linkIdentifier": "5551839362",
    "text": "(6 pack) Purina Friskies Lil Gravies Roasted Chicken Flavor Gravy, Wet Cat Food, 1.1 oz. Pouch, 16 Count",
    "href": "/ip/Purina-Friskies-Lil-Gravies-Gravy-Wet-Cat-Food-for-Adult-Cats-Soft-Chicken-1-55-oz-Pouch/5551839362?classType=VARIANT",
    "currentPrice": "current price $7.68",
    "pricePerOz": "80.0 ¢/oz",
    "pickup": "Shipping, arrives tomorrow",
    "delivery": "N/A",
    "shipping": "N/A"
  },
  {
    "ioId": "5ZZ7B3I5FI87",
    "linkIdentifier": "417676794",
    "text": "Feline Greenies Adult Natural Dental Care Cat Treats Tempting Tuna Flavor, 21 Oz Tub",
    "href": "/ip/Greenies-Feline-Adult-Cat-Dental-Treats-Tempting-Tuna-21-oz/417676794?classType=VARIANT",
    "currentPrice": "current price $22.98",
    "pricePerOz": "$1.09/oz",
    "pickup": "Shipping, arrives in 2 days",
    "delivery": "N/A",
    "shipping": "N/A"
  },
  {
    "ioId": "6OMCSLG9Z2DD",
    "linkIdentifier": "513480591",
    "text": "Temptations Creamy Puree With Chicken Squeezable Lickable Wet Treats For Cats, 0.42 Oz (16 Pack)",
    "href": "/ip/Temptations-Creamy-Puree-With-Chicken-Squeezable-Lickable-Wet-Treats-For-Cats-0-42-Oz-16-Pack/513480591?classType=VARIANT",
    "currentPrice": "current price $10.39",
    "pricePerOz": "$1.55/oz",
    "pickup": "Shipping, arrives tomorrow",
    "delivery": "N/A",
    "shipping": "N/A"
  },
  {
    "ioId": "32RQPSA086SX",
    "linkIdentifier": "208358540",
    "text": "Purina Fancy Feast Savory Cravings, Soft Cat Treats, Tuna, 1 oz Box",
    "href": "/ip/Purina-Fancy-Feast-Savory-Cravings-Limited-Ingredient-Natural-Cat-Treats-Tuna-Flavor/208358540?classType=VARIANT&athbdg=L1103",
    "currentPrice": "current price $1.98",
    "pricePerOz": "$1.98/oz",
    "pickup": "Shipping, arrives tomorrow",
    "delivery": "N/A",
    "shipping": "N/A"
  },
  {
    "ioId": "298JVS1E1OS3",
    "linkIdentifier": "856124682",
    "text": "Purina Fancy Feast Savory Cravings, Soft Cat Treats, Salmon, 1 oz Box",
    "href": "/ip/Fancy-Feast-Limited-Ingredient-Cat-Treats-Savory-Cravings-Salmon-Flavor-1-oz-Box/856124682?classType=VARIANT&athbdg=L1103",
    "currentPrice": "current price $1.98",
    "pricePerOz": "$1.98/oz",
    "pickup": "Shipping, arrives tomorrow",
    "delivery": "N/A",
    "shipping": "N/A"
  },
  {
    "ioId": "6U74M00J7D35",
    "linkIdentifier": "752576446",
    "text": "Instinct Rawboost Mixers Digestive Health Cat Treat 5.5 Oz",
    "href": "/ip/Instinct-Freeze-Dried-Raw-Boost-Mixers-Grain-Free-Digestive-Health-Recipe-All-Natural-Cat-Food-Topper-by-Nature-s-Variety-5-5-oz-Bag/752576446?classType=REGULAR",
    "currentPrice": "N/A",
    "pricePerOz": "N/A",
    "pickup": "Free shipping, arrives in 3+ days",
    "delivery": "N/A",
    "shipping": "N/A"
  },
  {
    "ioId": "2Z42QHKT2PNK",
    "linkIdentifier": "1141369139",
    "text": "Temptations Lickable Spoons Wet Cat Treat, Tasty Chicken And Cheesy Cheese, 10 Grams, Pack Of 4",
    "href": "/ip/Temptations-Lickable-Spoons-Wet-Cat-Treat-Tasty-Chicken-And-Cheesy-Cheese-10-Grams-Pack-Of-4/1141369139?classType=VARIANT&athbdg=L1102",
    "currentPrice": "current price $2.98",
    "pricePerOz": "$2.13/oz",
    "pickup": "Shipping, arrives tomorrow",
    "delivery": "N/A",
    "shipping": "N/A"
  },
  {
    "ioId": "6A3Q153ODYHS",
    "linkIdentifier": "591958800",
    "text": "Oxyfresh Dental Cat Water Additive, 8 fl. oz.",
    "href": "/ip/Oxyfresh-Cat-Dental-Water-Additive-8-fl-oz/591958800?classType=VARIANT&athbdg=L1600",
    "currentPrice": "current price $7.92",
    "pricePerOz": "99.0 ¢/fl oz",
    "pickup": "Pickup today",
    "delivery": "Delivery today",
    "shipping": "N/A"
  },
  {
    "ioId": "13QOWDUTL1LR",
    "linkIdentifier": "2353880028",
    "text": "Temptations Lickable Spoons Wet Cat Treat, Savory Salmon & Tempting Tuna, 10 Grams, Pack Of 4",
    "href": "/ip/Temptations-Lickable-Spoons-Wet-Cat-Treat-Savory-Salmon-Tempting-Tuna-10-Grams-Pack-Of-4/2353880028?classType=VARIANT&athbdg=L1102",
    "currentPrice": "current price Now $2.98",
    "pricePerOz": "$9.98",
    "pickup": "Shipping, arrives tomorrow",
    "delivery": "N/A",
    "shipping": "N/A"
  },
  {
    "ioId": "2MACY4HAP1FZ",
    "linkIdentifier": "578759185",
    "text": "Feline Greenies Smartbites Healthy Indoor Natural Treats For Cats, Tuna Flavor, 16 Oz Tub",
    "href": "/ip/FELINE-GREENIES-SMARTBITES-HEALTHY-INDOOR-Natural-Treats-for-Cats-Tuna-Flavor-16-oz-Tub/578759185?classType=VARIANT",
    "currentPrice": "current price $19.98",
    "pricePerOz": "$1.25/oz",
    "pickup": "Shipping, arrives tomorrow",
    "delivery": "N/A",
    "shipping": "N/A"
  },
  {
    "ioId": "5D20M54PNOC0",
    "linkIdentifier": "5063309500",
    "text": "Temptations Lickable Spoons Wet Cat Treat, Tasty Chicken and Savory Salmon, 10 Grams, Pack of 4",
    "href": "/ip/Temptations-Lickable-Spoons-Wet-Cat-Treat-Tasty-Chicken-And-Savory-Salmon-10-Grams-Pack-Of-4/5063309500?classType=VARIANT",
    "currentPrice": "current price $2.98",
    "pricePerOz": "$2.13/oz",
    "pickup": "Shipping, arrives tomorrow",
    "delivery": "N/A",
    "shipping": "N/A"
  },
  {
    "ioId": "7BPUY0CO8WRT",
    "linkIdentifier": "1573280494",
    "text": "Purina Friskies Playfuls Cat Treats, Chicken & Liver, 2.1 oz Bag",
    "href": "/ip/Purina-Friskies-Playfuls-With-Chicken-and-Liver-Flavor-Cat-Treats/1573280494?classType=VARIANT",
    "currentPrice": "current price Now $1.58",
    "pricePerOz": "$12.01",
    "pickup": "Shipping, arrives in 3+ days",
    "delivery": "N/A",
    "shipping": "N/A"
  },
  {
    "ioId": "59X5ENLEM79W",
    "linkIdentifier": "2923367076",
    "text": "(4 pack) Purina Friskies Lil' Gravies Gravy Wet Cat Food, Soft Beef, 1.55 oz Pouch",
    "href": "/ip/Purina-Friskies-Lil-Gravies-Gravy-Wet-Cat-Food-Soft-Beef-1-55-oz-Pouch/2923367076?classType=VARIANT",
    "currentPrice": "current price $5.12",
    "pricePerOz": "80.0 ¢/oz",
    "pickup": "Shipping, arrives tomorrow",
    "delivery": "N/A",
    "shipping": "N/A"
  },
  {
    "ioId": "658YNXTHX7B4",
    "linkIdentifier": "1430804157",
    "text": "Savory Salmon Cat Treats Value Pack",
    "href": "/ip/Savory-Salmon-Cat-Treats-Value-Pack/1430804157?classType=REGULAR",
    "currentPrice": "current price $16.04",
    "pricePerOz": "N/A",
    "pickup": "Free shipping, arrives in 3+ days",
    "delivery": "N/A",
    "shipping": "N/A"
  },
  {
    "ioId": "4MKVK2MNVT9L",
    "linkIdentifier": "5373083173",
    "text": "Cat Crack Catnip, Zoomie-Inducing Cat Nip For Cats, North American Made & 100% Natural, Safe & Non-Addictive Catnip Treats for Supplement Catnip Toys, Cat Supplies, & Catnip Spray (1 Cup)",
    "href": "/ip/Cat-Crack-Catnip-Zoomie-Inducing-Nip-For-Cats-North-American-Made-100-Natural-Safe-Non-Addictive-Catnip-Treats-Supplement-Toys-Supplies-Spray-1-Cup/5373083173?classType=VARIANT",
    "currentPrice": "current price $13.99",
    "pricePerOz": "N/A",
    "pickup": "Shipping, arrives in 2 days",
    "delivery": "N/A",
    "shipping": "N/A"
  },
  {
    "ioId": "2EPNNFT137TT",
    "linkIdentifier": "3901299626",
    "text": "Greenies Feline Natural Dental Treats Catnip Flavor [Cat, Cat Treats] 2.1 oz",
    "href": "/ip/Greenies-Feline-Natural-Dental-Treats-Catnip-Flavor-Cat-Cat-Treats-2-1-oz/3901299626?classType=REGULAR",
    "currentPrice": "current price $3.28",
    "pricePerOz": "+$4.98 shipping",
    "pickup": "Shipping, arrives in 3+ days",
    "delivery": "N/A",
    "shipping": "N/A"
  },
  {
    "ioId": "26K6C97J4J77",
    "linkIdentifier": "667644402",
    "text": "Purina Fancy Feast Savory Cravings, Soft Cat Treats, Beef, 1 oz Box",
    "href": "/ip/Purina-Fancy-Feast-Savory-Cravings-Beef-Flavor-Treats-for-Cats-1-oz-Box/667644402?classType=VARIANT&athbdg=L1102",
    "currentPrice": "current price Now $1.98",
    "pricePerOz": "$9.00",
    "pickup": "Shipping, arrives tomorrow",
    "delivery": "N/A",
    "shipping": "N/A"
  },
  {
    "ioId": "6YSBLYTUTCP5",
    "linkIdentifier": "5539326785",
    "text": "(6 pack) Purina Friskies Lil Gravies, Roasted Turkey Flavor Gravy, Wet Cat Food, 1.55 oz. Pouch (16 Pack)",
    "href": "/ip/Purina-Friskies-Lil-Gravies-Gravy-Wet-Cat-Food-Soft-Roasted-Turkey-1-55-oz-Pouch/5539326785?classType=VARIANT",
    "currentPrice": "current price $26.28",
    "pricePerOz": "$2.92/oz",
    "pickup": "Shipping, arrives tomorrow",
    "delivery": "N/A",
    "shipping": "N/A"
  },
  {
    "ioId": "5TPB7J1J2IAP",
    "linkIdentifier": "1990896033",
    "text": "Greenies 9.75 oz Feline Natural Dental Care Cat Treats",
    "href": "/ip/Greenies-9-75-oz-Feline-Natural-Dental-Care-Cat-Treats/1990896033?classType=REGULAR",
    "currentPrice": "N/A",
    "pricePerOz": "N/A",
    "pickup": "Free shipping, arrives in 3+ days",
    "delivery": "N/A",
    "shipping": "N/A"
  },
  {
    "ioId": "4MI8T5G9DON5",
    "linkIdentifier": "815745924",
    "text": "Feline Greenies Smartbites Healthy Indoor Natural Treats For Cats, Tuna Flavor, 4.6 Oz Pouch",
    "href": "/ip/Feline-Greenies-Smartbites-Healthy-Indoor-Natural-Treats-For-Cats-Tuna-Flavor-4-6-Oz-Pouch/815745924?classType=VARIANT",
    "currentPrice": "current price $5.48",
    "pricePerOz": "$1.19/oz",
    "pickup": "Shipping, arrives tomorrow",
    "delivery": "N/A",
    "shipping": "N/A"
  },
  {
    "ioId": "5JOUSBGFC5T5",
    "linkIdentifier": "381860639",
    "text": "Temptations Creamy Puree With Salmon Squeezable Lickable Wet Treats For Cats, 0.42 Oz (16 Pack)",
    "href": "/ip/Temptations-Creamy-Puree-With-Salmon-Squeezable-Lickable-Wet-Treats-For-Cats-0-42-Oz-16-Pack/381860639?classType=VARIANT",
    "currentPrice": "current price $10.23",
    "pricePerOz": "$1.53/oz",
    "pickup": "Shipping, arrives tomorrow",
    "delivery": "N/A",
    "shipping": "N/A"
  },
  {
    "ioId": "4GBSLVGDC9JQ",
    "linkIdentifier": "809210787",
    "text": "Wellness Kittles Natural Grain Free Cat Treats, Salmon & Cranberries, 6-Ounce Bag",
    "href": "/ip/Wellness-Kittles-Natural-Grain-Free-Cat-Treats-Salmon-Cranberries-6-Ounce-Bag/809210787?classType=REGULAR",
    "currentPrice": "current price $7.14",
    "pricePerOz": "$1.17/oz",
    "pickup": "Free shipping, arrives in 3+ days",
    "delivery": "N/A",
    "shipping": "N/A"
  },
  {
    "ioId": "0SJWB4OP9ONK",
    "linkIdentifier": "391344177",
    "text": "Purina Fancy Feast Savory Puree, Squeezable Cat Treats, Chicken, (4) .35 oz Pouches",
    "href": "/ip/Purina-Fancy-Feast-Savory-Puree-Naturals-Moist-Cat-Treats-Tube-With-Natural-Chicken-in-a-Demi-Glace-1-4-oz-Box/391344177?classType=VARIANT",
    "currentPrice": "current price Now $5.21",
    "pricePerOz": "$15.00",
    "pickup": "Shipping, arrives tomorrow",
    "delivery": "N/A",
    "shipping": "N/A"
  },
  {
    "ioId": "3RBM5JMEPHZR",
    "linkIdentifier": "606474765",
    "text": "Inaba Twins Wet Cat Topper Cups, 1.23 oz Serving, 16 Servings, Chicken",
    "href": "/ip/Inaba-Twins-Wet-Cat-Topper-Cups-1-23-oz-Serving-16-Servings-Chicken/606474765?classType=VARIANT",
    "currentPrice": "current price $15.36",
    "pricePerOz": "78.0 ¢/oz",
    "pickup": "Shipping, arrives tomorrow",
    "delivery": "N/A",
    "shipping": "N/A"
  },
  {
    "ioId": "17VXZT0V6GC4",
    "linkIdentifier": "923593876",
    "text": "Greenies Salmon Flavor Soft Crunchy Dry Cat Treats, 16 Oz Tub",
    "href": "/ip/Greenies-Feline-Smartbites-Salmon-Flavor-Treats-for-Cats-Value-Size-16-oz-Tub/923593876?classType=VARIANT",
    "currentPrice": "current price $19.98",
    "pricePerOz": "$1.25/oz",
    "pickup": "Shipping, arrives tomorrow",
    "delivery": "N/A",
    "shipping": "N/A"
  },
  {
    "ioId": "70TOKQMLFB2F",
    "linkIdentifier": "25176547",
    "text": "KONG Naturals Premium Catnip, 2 Oz",
    "href": "/ip/KONG-Naturals-Premium-Catnip-2-Oz/25176547?classType=REGULAR",
    "currentPrice": "current price $18.99",
    "pricePerOz": "N/A",
    "pickup": "Free shipping, arrives in 3+ days",
    "delivery": "N/A",
    "shipping": "N/A"
  },
  {
    "ioId": "5ACEY07PB4YX",
    "linkIdentifier": "2301666474",
    "text": "Temptations Meaty Mixups Chicken And Turkey Crunchy And Soft Cat Treats For Adult Cats, 1.5 Oz Pouch",
    "href": "/ip/Temptations-Meaty-Mixups-Chicken-And-Turkey-Crunchy-And-Soft-Cat-Treats-For-Adult-Cats-1-5-Oz-Pouch/2301666474?classType=VARIANT",
    "currentPrice": "current price $8.91",
    "pricePerOz": "$5.94/oz",
    "pickup": "Free shipping, arrives in 3+ days",
    "delivery": "N/A",
    "shipping": "N/A"
  },
  {
    "ioId": "4DQ5G0DJ1UUC",
    "linkIdentifier": "177557348",
    "text": "Friskies Lil’ Shakes Salmon Puree, Wet Cat Food Topper, 1.55 oz Pouch",
    "href": "/ip/Friskies-Lil-Shakes-Salmon-Puree-Wet-Cat-Food-Topper-1-55-oz-Pouch/177557348?classType=VARIANT",
    "currentPrice": "current price $6.82",
    "pricePerOz": "$4.40/oz",
    "pickup": "Free shipping, arrives in 3+ days",
    "delivery": "N/A",
    "shipping": "N/A"
  },
  {
    "ioId": "578SSMBCTAK9",
    "linkIdentifier": "965949652",
    "text": "INABA Churu Bites, Soft Cat Treats, 0.35 oz Tube, 3 Tubes, Tuna with Salmon",
    "href": "/ip/INABA-Churu-Bites-Soft-Cat-Treats-0-35-oz-Tube-3-Tubes-Tuna-with-Salmon/965949652?classType=VARIANT",
    "currentPrice": "current price $3.76",
    "pricePerOz": "$3.42/oz",
    "pickup": "Shipping, arrives in 3+ days",
    "delivery": "N/A",
    "shipping": "N/A"
  },
  {
    "ioId": "0V3X4YH6VX70",
    "linkIdentifier": "324150233",
    "text": "Purina Fancy Feast Appetizers Kitten Food, Wet Cat Food, Chicken & Shredded Beef, 1.1 oz Tray",
    "href": "/ip/Purina-Fancy-Feast-Appetizers-Grain-Free-Cat-Food-Broth-White-Meat-Chicken-and-Shredded-Beef-Complement-1-1-oz-Tray/324150233?classType=VARIANT",
    "currentPrice": "current price Now $4.40",
    "pricePerOz": "$11.05",
    "pickup": "Free shipping, arrives in 3+ days",
    "delivery": "N/A",
    "shipping": "N/A"
  },
  {
    "ioId": "7JLN7P7X17OJ",
    "linkIdentifier": "1263459474",
    "text": "BONKERS Cat Bites, Crunchy & Soft Catnip, Chick 'N' Cheddar Flavored Cat Treats, 3oz / 85g Bag",
    "href": "/ip/Bonkers-Crunchy-and-Soft-Cat-Treats-Catnip-Chick-N-Cheddar-Flavor-3oz/1263459474?classType=VARIANT",
    "currentPrice": "current price $2.95",
    "pricePerOz": "98.3 ¢/oz",
    "pickup": "Shipping, arrives in 3+ days",
    "delivery": "N/A",
    "shipping": "N/A"
  },
  {
    "ioId": "1IV7ZEIQ299M",
    "linkIdentifier": "701441990",
    "text": "Purina Fancy Feast Savory Puree, Squeezable Cat Treats, Tuna, (4) .35 oz Pouches",
    "href": "/ip/Purina-Fancy-Feast-Squeezable-Cat-Treats-Tube-Savory-Puree-Naturals-With-Natural-Tuna-in-a-Demi-Glace-1-4-oz-Box/701441990?classType=VARIANT",
    "currentPrice": "current price $8.49",
    "pricePerOz": "$6.06/oz",
    "pickup": "Free shipping, arrives in 3+ days",
    "delivery": "N/A",
    "shipping": "N/A"
  },
  {
    "ioId": "21WXS8B85X30",
    "linkIdentifier": "449438600",
    "text": "Rachael Ray Nutrish Love Bites Dry Cat Treats, Chicken, 2.2 oz. Bag",
    "href": "/ip/Rachael-Ray-Nutrish-Love-Bites-Cat-Treats-Chicken-2-2-oz-Bag/449438600?classType=VARIANT",
    "currentPrice": "current price $4.99",
    "pricePerOz": "$2.27/oz",
    "pickup": "Shipping, arrives in 3+ days",
    "delivery": "N/A",
    "shipping": "N/A"
  },
  {
    "ioId": "7F0QUCU3BWAX",
    "linkIdentifier": "245419858",
    "text": "Purina Fancy Feast Savory Cravings, Soft Cat Treats, Chicken, 1 oz Box",
    "href": "/ip/Purina-Fancy-Feast-Savory-Cravings-Cat-Treats-Chicken-Flavor-1-oz-Box/245419858?classType=VARIANT",
    "currentPrice": "current price Now $7.90",
    "pricePerOz": "$9.00",
    "pickup": "Free shipping, arrives in 3+ days",
    "delivery": "N/A",
    "shipping": "N/A"
  },
  {
    "ioId": "2H0HCY4AO4NY",
    "linkIdentifier": "663313004",
    "text": "Temptations Tender Fills Grilled Salmon Flavor Crunchy And Soft Adult Treats For Cats, 4.6 Oz Pouch",
    "href": "/ip/Temptations-Tender-Fills-Grilled-Salmon-Flavor-Crunchy-And-Soft-Adult-Treats-For-Cats-4-6-Oz-Pouch/663313004?classType=VARIANT",
    "currentPrice": "current price $4.50",
    "pricePerOz": "97.8 ¢/oz",
    "pickup": "Shipping, arrives in 3+ days",
    "delivery": "N/A",
    "shipping": "N/A"
  },
  {
    "ioId": "6L85KQNTQD5S",
    "linkIdentifier": "308343694",
    "text": "Purina Friskies Pureed Cat Food Toppers, Lil’ Shakes With Enticing Chicken Lickable Cat Treats",
    "href": "/ip/Purina-Friskies-Lil-Shakes-With-Enticing-Chicken-Lickable-Puree-Cat-Food-Topper-1-55-oz-Pouch/308343694?classType=VARIANT",
    "currentPrice": "current price $6.81",
    "pricePerOz": "$4.26/oz",
    "pickup": "Free shipping, arrives in 3+ days",
    "delivery": "N/A",
    "shipping": "N/A"
  },
  {
    "ioId": "0XQF4O2Z025C",
    "linkIdentifier": "279120677",
    "text": "TEMPTATIONS Tender Fills Roasted Chicken Flavor Soft Chew Treats for Adult Cats, 4.6 Oz Pouch",
    "href": "/ip/Temptations-Tender-Fills-Roasted-Chicken-Flavor-Crunchy-And-Soft-Adult-Treats-For-Cats-4-6-Oz-Pouch/279120677?classType=VARIANT",
    "currentPrice": "current price $4.30",
    "pricePerOz": "93.5 ¢/oz",
    "pickup": "Shipping, arrives in 3+ days",
    "delivery": "N/A",
    "shipping": "N/A"
  },
  {
    "ioId": "3X6OIRLQ3R10",
    "linkIdentifier": "2446986775",
    "text": "INABA Churu Bisque Lickable Wet Cat Topper, 1.4 oz Pouch, Chicken",
    "href": "/ip/INABA-Churu-Bisque-Lickable-Wet-Cat-Topper-1-4-oz-Pouch-Chicken/2446986775?classType=VARIANT",
    "currentPrice": "current price Now $1.73",
    "pricePerOz": "$9.00",
    "pickup": "Shipping, arrives in 3+ days",
    "delivery": "N/A",
    "shipping": "N/A"
  },
  {
    "ioId": "1NL1UAH4X2YQ",
    "linkIdentifier": "1686616915",
    "text": "BONKERS Cat Bites, Crunchy & Soft Seafood & Eat it! Flavored Cat Treats, 3oz / 85g Bag",
    "href": "/ip/Bonkers-Crunchy-and-Soft-Cat-Treats-Seafood-Eat-it-Flavor-3oz/1686616915?classType=VARIANT",
    "currentPrice": "current price $2.52",
    "pricePerOz": "84.0 ¢/oz",
    "pickup": "Shipping, arrives in 3+ days",
    "delivery": "N/A",
    "shipping": "N/A"
  },
  {
    "ioId": "2RBOPKIRGVSG",
    "linkIdentifier": "1545154372",
    "text": "Inaba Churu Bisque Lickable Wet Cat Topper, 1.4 oz Pouch, Tuna",
    "href": "/ip/Inaba-Churu-Bisque-Lickable-Wet-Cat-Topper-1-4-oz-Pouch-Tuna/1545154372?classType=VARIANT",
    "currentPrice": "current price $1.98",
    "pricePerOz": "$1.41/oz",
    "pickup": "Shipping, arrives in 3+ days",
    "delivery": "N/A",
    "shipping": "N/A"
  },
  {
    "ioId": "2LY0DNZSBSQU",
    "linkIdentifier": "703914751",
    "text": "Purina Fancy Feast Broths Kitten Food, Wet Cat Food, Shrimp Seafood Bisque, 1.4 oz Tub",
    "href": "/ip/Purina-Fancy-Feast-Lickable-Wet-Cat-Food-Broth-Topper-Seafood-Bisque-with-Shrimp-1-4-oz-Pouch/703914751?classType=VARIANT",
    "currentPrice": "current price Now $4.44",
    "pricePerOz": "$11.37",
    "pickup": "Shipping, arrives tomorrow",
    "delivery": "N/A",
    "shipping": "N/A"
  },
  {
    "ioId": "6VN9DQ4PJ2IT",
    "linkIdentifier": "2782697671",
    "text": "Hartz Delectables Non-Seafood Gravy Lickable Wet Cat Treats, Chicken, 1.4oz, Single",
    "href": "/ip/Hartz-Delectables-Non-Seafood-Gravy-Lickable-Wet-Cat-Treats-Chicken-1-4oz-Single/2782697671?classType=VARIANT&athbdg=L1102",
    "currentPrice": "current price $1.12",
    "pricePerOz": "80.0 ¢/oz",
    "pickup": "Shipping, arrives tomorrow",
    "delivery": "N/A",
    "shipping": "N/A"
  },
  {
    "ioId": "20HXTMAQEDLV",
    "linkIdentifier": "1031442014",
    "text": "BONKERS Cat Bites, Crunchy & Soft Paw Lickin' Chicken Flavored Cat Treats, 3oz / 85g Bag",
    "href": "/ip/Bonkers-Crunchy-and-Soft-Cat-Treats-Paw-Lickin-Chicken-Flavor-3oz/1031442014?classType=VARIANT",
    "currentPrice": "N/A",
    "pricePerOz": "N/A",
    "pickup": "Free shipping, arrives in 3+ days",
    "delivery": "N/A",
    "shipping": "N/A"
  },
  {
    "ioId": "4MLB0UV1IZKX",
    "linkIdentifier": "190735498",
    "text": "Temptations Jumbo Stuff Savory Salmon Flavor Crunchy and Soft Treats for Cats, 14 oz Tub",
    "href": "/ip/Temptations-Jumbo-Stuff-Savory-Salmon-Flavor-Crunchy-And-Soft-Treats-For-Cats-14-Oz-Tub/190735498?classType=VARIANT",
    "currentPrice": "current price $8.48",
    "pricePerOz": "60.6 ¢/oz",
    "pickup": "Shipping, arrives tomorrow",
    "delivery": "N/A",
    "shipping": "N/A"
  },
  {
    "ioId": "6WVOM4J636IU",
    "linkIdentifier": "1594980596",
    "text": "Temptations Savory Salmon Flavor Crunchy and Soft Cat Treats Food Great Snack for Adult Cats, 6.3 oz - Pack of 2",
    "href": "/ip/Temptations-Savory-Salmon-Flavor-Crunchy-and-Soft-Cat-Treats-Food-Great-Snack-for-Adult-Cats-6-3-oz-Pack-of-2/1594980596?classType=REGULAR",
    "currentPrice": "current price $14.63",
    "pricePerOz": "N/A",
    "pickup": "Free shipping, arrives in 3+ days",
    "delivery": "N/A",
    "shipping": "N/A"
  },
  {
    "ioId": "6DX23T2GZDWO",
    "linkIdentifier": "2507077016",
    "text": "Inaba Churu Creamy, Lickable Wet Cat Treats, 0.5 oz, 4 Tubes, Tuna with Salmon",
    "href": "/ip/Inaba-Churu-Creamy-Lickable-Wet-Cat-Treats-0-5-oz-4-Tubes-Tuna-with-Salmon/2507077016?classType=VARIANT&athbdg=L1103",
    "currentPrice": "current price $2.48",
    "pricePerOz": "$1.24/oz",
    "pickup": "Shipping, arrives tomorrow",
    "delivery": "N/A",
    "shipping": "N/A"
  },
  {
    "ioId": "3KYR5ERSX87B",
    "linkIdentifier": "5000026163",
    "text": "BONKERS Purrpops, Freeze Dried Salmon Flavored Lollipop Cat Treats, 4 Pieces",
    "href": "/ip/Bonkers-Purrpops-Lollipop-Cat-Treats-Lip-Smackin-Salmon-Flavor-4-Pack/5000026163?classType=VARIANT&athbdg=L1102",
    "currentPrice": "current price $1.98",
    "pricePerOz": "$1.17/oz",
    "pickup": "Shipping, arrives in 3+ days",
    "delivery": "N/A",
    "shipping": "N/A"
  },
  {
    "ioId": "70M410HO8JNM",
    "linkIdentifier": "1722177818",
    "text": "Hartz Delectables Gravy Lickable Wet Cat Treats, Tuna & Whitefish, 1.4 oz, Single",
    "href": "/ip/Hartz-Delectables-Gravy-Lickable-Wet-Cat-Treats-Tuna-Whitefish-1-4-oz-Single/1722177818?classType=VARIANT&athbdg=L1102",
    "currentPrice": "current price $1.12",
    "pricePerOz": "80.0 ¢/oz",
    "pickup": "Shipping, arrives tomorrow",
    "delivery": "N/A",
    "shipping": "N/A"
  },
  {
    "ioId": "0SM9P833JQ99",
    "linkIdentifier": "5703508486",
    "text": "(6 pack) Purina Fancy Feast Broths Kitten Food, Wet Cat Food, Accents of Crab, 1.4 oz Pouch",
    "href": "/ip/Purina-Fancy-Feast-Lickable-Wet-Cat-Food-Broth-Topper-Seafood-Bisque-and-Accents-of-Real-Crab-1-4-oz-Pouch/5703508486?classType=VARIANT",
    "currentPrice": "current price $31.14",
    "pricePerOz": "23.2 ¢/oz",
    "pickup": "Shipping, arrives tomorrow",
    "delivery": "N/A",
    "shipping": "N/A"
  },
  {
    "ioId": "4DK6ID430A6C",
    "linkIdentifier": "5000026162",
    "text": "BONKERS Purrpops, Freeze Dried Chicken Flavored Lollipop Cat Treats, 4 Pieces",
    "href": "/ip/BONKERS-Purrpops-Lollipop-Cat-Treats-Chicky-Licks-Flavor-4-Pack/5000026162?classType=VARIANT&athbdg=L1103",
    "currentPrice": "current price $1.98",
    "pricePerOz": "$4.95/oz",
    "pickup": "Shipping, arrives in 3+ days",
    "delivery": "N/A",
    "shipping": "N/A"
  },
  {
    "ioId": "5Z1PVJ72KU4L",
    "linkIdentifier": "1014222691",
    "text": "\"I and love and you\" Treat Meow Squeeze & Thank You Treat, Digestion Support Chicken Purée, 4 Ct.",
    "href": "/ip/I-and-love-and-you-Treat-Meow-Squeeze-Thank-You-Treat-Digestion-Support-Chicken-Pur-e-4-Ct/1014222691?classType=VARIANT",
    "currentPrice": "current price $7.35",
    "pricePerOz": "$3.68/oz",
    "pickup": "Shipping, arrives tomorrow",
    "delivery": "N/A",
    "shipping": "N/A"
  },
  {
    "ioId": "5TT1AP2IPRE9",
    "linkIdentifier": "557412680",
    "text": "FELINE GREENIES Chicken Flavored Skin Fur SMARTBITES",
    "href": "/ip/Greenies-Chicken-Flavor-Soft-Crunchy-Treats-for-Cats-16-oz/557412680?classType=VARIANT",
    "currentPrice": "current price $19.98",
    "pricePerOz": "N/A",
    "pickup": "Shipping, arrives tomorrow",
    "delivery": "N/A",
    "shipping": "N/A"
  },
  {
    "ioId": "2JJYCX3DI201",
    "linkIdentifier": "523253761",
    "text": "FELINE GREENIES Natural Dental Care Cat Treats, Tuna Flavor, 9.75 oz.",
    "href": "/ip/FELINE-GREENIES-Natural-Dental-Care-Cat-Treats-Tuna-Flavor-9-75-oz/523253761?classType=REGULAR",
    "currentPrice": "current price $15.20",
    "pricePerOz": "N/A",
    "pickup": "Free shipping, arrives in 3+ days",
    "delivery": "N/A",
    "shipping": "N/A"
  },
  {
    "ioId": "2X06LFV2KQZC",
    "linkIdentifier": "353753935",
    "text": "INABA Churu Bites, Soft Cat Treats, 0.35 oz Tube, 24 Tubes, Tuna with Scallop",
    "href": "/ip/INABA-Churu-Bites-Soft-Cat-Treats-0-35-oz-Tube-24-Tubes-Tuna-with-Scallop/353753935?classType=VARIANT",
    "currentPrice": "current price $19.32",
    "pricePerOz": "$2.30/oz",
    "pickup": "Shipping, arrives tomorrow",
    "delivery": "N/A",
    "shipping": "N/A"
  },
  {
    "ioId": "4GC4BYZX92B9",
    "linkIdentifier": "2212012117",
    "text": "Meow Mix Ocean Explosion Crunchy Cat Treats, 2.1oz /Dry Fish & Tuna Shaped Bite-Sized Feline Food (Pack of 2)",
    "href": "/ip/Meow-Mix-Ocean-Explosion-Crunchy-Cat-Treats-2-1oz-Dry-Fish-Tuna-Shaped-Bite-Sized-Feline-Food-Pack-of-2/2212012117?classType=REGULAR",
    "currentPrice": "current price $11.70",
    "pricePerOz": "N/A",
    "pickup": "Free shipping, arrives in 3+ days",
    "delivery": "N/A",
    "shipping": "N/A"
  },
  {
    "ioId": "68DHPTV6JNES",
    "linkIdentifier": "5000026145",
    "text": "Reveal Whole Salmon Loin Cat Treat, Grain Free, Limited Ingredients, 1.06 oz",
    "href": "/ip/Reveal-Whole-Salmon-Loin-Cat-Treat-Grain-Free-Limited-Ingredients-1-06-oz-Reveal-Pet-Food/5000026145?classType=VARIANT",
    "currentPrice": "current price $2.48",
    "pricePerOz": "$2.26/oz",
    "pickup": "Shipping, arrives tomorrow",
    "delivery": "N/A",
    "shipping": "N/A"
  },
  {
    "ioId": "3222ZL59QD5I",
    "linkIdentifier": "2579240580",
    "text": "\"I and love and you\" Treat Meow Squeeze & Thank You Lickable Cat Treat Variety Chicken/Tuna",
    "href": "/ip/I-and-love-and-you-Treat-Meow-Squeeze-Thank-You-Lickable-Cat-Treat-Variety-Chicken-Tuna/2579240580?classType=VARIANT",
    "currentPrice": "current price $11.06",
    "pricePerOz": "$1.84/oz",
    "pickup": "Shipping, arrives in 3+ days",
    "delivery": "N/A",
    "shipping": "N/A"
  },
  {
    "ioId": "21QYHCYBKU0D",
    "linkIdentifier": "1376144985",
    "text": "\"I and love and you\" Treat Meow Squeeze & Thank You, Skin & Coat Support, Cat Treat, 4 Ct.",
    "href": "/ip/I-and-love-and-you-Treat-Meow-Squeeze-Thank-You-Skin-Coat-Support-Cat-Treat-4-Ct/1376144985?classType=VARIANT",
    "currentPrice": "current price $5.17",
    "pricePerOz": "$2.59/oz",
    "pickup": "Free shipping, arrives in 3+ days",
    "delivery": "N/A",
    "shipping": "N/A"
  },
  {
    "ioId": "4BNQ5JIWBRO6",
    "linkIdentifier": "840753320",
    "text": "INABA Churu Creamy, Lickable Purée Cat Treat with Taurine, 0.5 oz, 24 Tubes, Tuna with Scallop Recipe",
    "href": "/ip/INABA-Churu-Creamy-Lickable-Pur-e-Cat-Treat-with-Taurine-0-5-oz-24-Tubes-Tuna-with-Scallop-Recipe/840753320?classType=VARIANT",
    "currentPrice": "current price $15.60",
    "pricePerOz": "$7.80/oz",
    "pickup": "Shipping, arrives tomorrow",
    "delivery": "N/A",
    "shipping": "N/A"
  },
  {
    "ioId": "3RU1GORUJHMX",
    "linkIdentifier": "986181751",
    "text": "INABA Churu Creamy, Lickable Purée Cat Treat w Taurine, 0.5 oz, 20 Tubes, Tuna & Chicken Variety",
    "href": "/ip/INABA-Churu-Creamy-Lickable-Pur-e-Cat-Treat-w-Taurine-0-5-oz-20-Tubes-Tuna-Chicken-Variety/986181751?classType=VARIANT",
    "currentPrice": "current price $17.94",
    "pricePerOz": "$8.97/oz",
    "pickup": "Shipping, arrives tomorrow",
    "delivery": "N/A",
    "shipping": "N/A"
  },
  {
    "ioId": "6S3ED1C7836S",
    "linkIdentifier": "670321810",
    "text": "The Cat Ladies Organic Grass Seed Blend - Organic Non-GMO for Indoor Cats, 8 oz",
    "href": "/ip/The-Cat-Ladies-Organic-Grass-Seed-Blend-Organic-Non-GMO-for-Cats-8-oz/670321810?classType=VARIANT",
    "currentPrice": "current price $10.00",
    "pricePerOz": "N/A",
    "pickup": "Shipping, arrives in 2 days",
    "delivery": "N/A",
    "shipping": "N/A"
  },
  {
    "ioId": "6IHPWL4KGCFD",
    "linkIdentifier": "5319867438",
    "text": "Choolip Squeeze Vita Stick Lickable Cat Treats. Cat and Dog Multivitamin SnackVariety Pack, 7 Different Formulas, Antioxidants, Minerals, Vet-Formulated 49pk Lickable Cat Treat Pack. Nutrient-packed.",
    "href": "/ip/Choolip-Squeeze-Vita-Stick-Lickable-Cat-Treats-Dog-Multivitamin-SnackVariety-Pack-7-Different-Formulas-Antioxidants-Minerals-Vet-Formulated-49pk-Trea/5319867438?classType=VARIANT",
    "currentPrice": "current price $44.49",
    "pricePerOz": "N/A",
    "pickup": "Free shipping, arrives in 2 days",
    "delivery": "N/A",
    "shipping": "N/A"
  },
  {
    "ioId": "5MAQDLEH4277",
    "linkIdentifier": "5236624736",
    "text": "(4 pack) Hartz Delectables Squeeze Up Interactive Lickable Wet Cat Treat, Tuna, 0.5oz Tube (4 Count)",
    "href": "/ip/Hartz-Delectables-Squeeze-Up-Interactive-Lickable-Wet-Cat-Treat-Tuna-0-5oz-Tube-4-Count/5236624736?classType=VARIANT",
    "currentPrice": "current price $18.92",
    "pricePerOz": "$2.37/oz",
    "pickup": "Shipping, arrives in 2 days",
    "delivery": "N/A",
    "shipping": "N/A"
  },
  {
    "ioId": "4EBRVAZYUKO5",
    "linkIdentifier": "570022693",
    "text": "INABA Twin-Packs for Cats, Chicken/Gelée Topper, 1.4 oz/srv, 16 srvs, Chicken in Chicken Broth",
    "href": "/ip/INABA-Twin-Packs-for-Cats-Chicken-Gel-e-Topper-1-4-oz-srv-16-srvs-Chicken-in-Chicken-Broth/570022693?classType=VARIANT",
    "currentPrice": "current price $13.90",
    "pricePerOz": "62.1 ¢/oz",
    "pickup": "Shipping, arrives tomorrow",
    "delivery": "N/A",
    "shipping": "N/A"
  },
  {
    "ioId": "3VRX98MYDTZP",
    "linkIdentifier": "871699467",
    "text": "INABA Chicken Broth Complement/Topper/Treat for Cats, Eight 1.76 oz Pouches, Chicken",
    "href": "/ip/INABA-Chicken-Broth-Complement-Topper-Treat-for-Cats-Eight-1-76-oz-Pouches-Chicken/871699467?classType=VARIANT",
    "currentPrice": "current price $17.60",
    "pricePerOz": "$1.25/oz",
    "pickup": "Shipping, arrives tomorrow",
    "delivery": "N/A",
    "shipping": "N/A"
  },
  {
    "ioId": "13AXK4VBT08O",
    "linkIdentifier": "668647609",
    "text": "Feline Greenies Pill Pockets For Cats Natural Soft Cat Treats, Salmon Flavor, 3 Oz Pack (85 Treats)",
    "href": "/ip/Greenies-Feline-Pill-Pockets-Cat-Treats-Value-Size-Salmon-Flavor-3-Oz/668647609?classType=VARIANT",
    "currentPrice": "current price $14.58",
    "pricePerOz": "$9.11/oz",
    "pickup": "Shipping, arrives in 2 days",
    "delivery": "N/A",
    "shipping": "N/A"
  },
  {
    "ioId": "4BTCIK0Y8VTX",
    "linkIdentifier": "299232938",
    "text": "INABA Churu Creamy, Lickable Purée Cat Treat with Taurine, 0.5 oz, 4 Tubes, Chicken",
    "href": "/ip/INABA-Churu-Creamy-Lickable-Pur-e-Cat-Treat-with-Taurine-0-5-oz-4-Tubes-Chicken/299232938?classType=VARIANT",
    "currentPrice": "current price $6.77",
    "pricePerOz": "$13.54/oz",
    "pickup": "Shipping, arrives tomorrow",
    "delivery": "N/A",
    "shipping": "N/A"
  },
  {
    "ioId": "60APDWRJS0HS",
    "linkIdentifier": "383035640",
    "text": "Temptations Meaty Bites, Soft And Savory Cat Treats, Chicken Flavor, 4.12 Oz Pouch",
    "href": "/ip/Temptations-Meaty-Bites-Soft-And-Savory-Cat-Treats-Chicken-Flavor-4-12-Oz-Pouch/383035640?classType=VARIANT",
    "currentPrice": "current price $5.38",
    "pricePerOz": "$1.31/oz",
    "pickup": "Shipping, arrives in 2 days",
    "delivery": "N/A",
    "shipping": "N/A"
  },
  {
    "ioId": "6S77E5B349MV",
    "linkIdentifier": "212302941",
    "text": "Temptations Shakeups Crunchy And Soft Cat Treats, Clucky Carnival Flavor, 5.29 Oz Pouch",
    "href": "/ip/Temptations-Shakeups-Crunchy-And-Soft-Cat-Treats-Clucky-Carnival-Flavor-5-29-Oz-Pouch/212302941?classType=VARIANT",
    "currentPrice": "current price $5.90",
    "pricePerOz": "$1.12/oz",
    "pickup": "Free shipping, arrives in 3+ days",
    "delivery": "N/A",
    "shipping": "N/A"
  },
  {
    "ioId": "53SPRWYJEQN7",
    "linkIdentifier": "113983928",
    "text": "Special Kitty Crunchy & Creamy Cat Treats, Chicken, 3 oz, 12-Pack",
    "href": "/ip/Special-Kitty-Cat-Treats-Chicken-3-oz-12-Pack/113983928?classType=VARIANT",
    "currentPrice": "current price $18.34",
    "pricePerOz": "$1.53/ea",
    "pickup": "Shipping, arrives tomorrow",
    "delivery": "N/A",
    "shipping": "N/A"
  },
  {
    "ioId": "17PBLDCMWTIO",
    "linkIdentifier": "1553145154",
    "text": "Pure Balance Pro+ Veterinarian Formulated Calm Ease for Cats, Chicken Liver Flavor, 30 Servings",
    "href": "/ip/Pure-Balance-Pro-Calm-Ease-Cat-Powder-Manage-Stress-and-Anxiety-30-Servings/1553145154?classType=VARIANT",
    "currentPrice": "current price $9.93",
    "pricePerOz": "$6.29/oz",
    "pickup": "Shipping, arrives tomorrow",
    "delivery": "N/A",
    "shipping": "N/A"
  },
  {
    "ioId": "1ZN9QTYMX1ZJ",
    "linkIdentifier": "694961864",
    "text": "Vitakraft PurrSticks Cat Treat, Chicken Flavor, 4 Count Multi-Pack, 24 Individual Servings",
    "href": "/ip/Vitakraft-PurrSticks-Cat-Treat-Chicken-Flavor-4-Count-Multi-Pack-24-Individual-Servings/694961864?classType=VARIANT",
    "currentPrice": "N/A",
    "pricePerOz": "N/A",
    "pickup": "Free shipping, arrives in 3+ days",
    "delivery": "N/A",
    "shipping": "N/A"
  },
  {
    "ioId": "70TOKQMLFB2F",
    "linkIdentifier": "25176547",
    "text": "KONG Naturals Premium Catnip, 2 Oz",
    "href": "/ip/KONG-Naturals-Premium-Catnip-2-Oz/25176547?classType=REGULAR",
    "currentPrice": "current price $18.99",
    "pricePerOz": "N/A",
    "pickup": "Free shipping, arrives in 3+ days",
    "delivery": "N/A",
    "shipping": "N/A"
  },
  {
    "ioId": "6F3CILS72JUS",
    "linkIdentifier": "224235585",
    "text": "Purina Fancy Feast Broths Kitten Food, Wet Cat Food, Accents of Lobster, 1.4 oz Pouch",
    "href": "/ip/Purina-Fancy-Feast-Lickable-Wet-Cat-Food-Broth-Topper-Seafood-Bisque-and-Accents-of-Real-Lobster-1-4-oz-Pouch/224235585?classType=VARIANT",
    "currentPrice": "current price $3.70",
    "pricePerOz": "$2.64/oz",
    "pickup": "Free shipping, arrives in 3+ days",
    "delivery": "N/A",
    "shipping": "N/A"
  },
  {
    "ioId": "46E6M630TDYA",
    "linkIdentifier": "254703812",
    "text": "Reveal Pet Food, Natural Wet Cat Treat, Whole Tuna Loin, 1.06 oz",
    "href": "/ip/Reveal-Natural-Cat-Treat-Whole-Tuna-Loin-1-06-oz-Reveal-Pet-Food/254703812?classType=VARIANT",
    "currentPrice": "current price $2.70",
    "pricePerOz": "$2.46/oz",
    "pickup": "Shipping, arrives in 3+ days",
    "delivery": "N/A",
    "shipping": "N/A"
  },
  {
    "ioId": "6VDT39L4EQF8",
    "linkIdentifier": "5000026161",
    "text": "BONKERS Cat Bites, Crunchy & Soft Catnip, Chick 'N' Cheddar Flavored Cat Treats, 30oz / 850g Tub",
    "href": "/ip/Bonkers-Bites-Cat-Treats-Catnip-Chick-n-Cheddar-30-oz/5000026161?classType=VARIANT",
    "currentPrice": "current price $23.18",
    "pricePerOz": "77.3 ¢/oz",
    "pickup": "Shipping, arrives in 3+ days",
    "delivery": "N/A",
    "shipping": "N/A"
  },
  {
    "ioId": "4DNI6UHTA4BK",
    "linkIdentifier": "5000131154",
    "text": "BONKERS Mixx, Wet Lickable Tube Succulent Salmon Flavored Cat Treats, 4 Tubes",
    "href": "/ip/Bonkers-Mixx-Lickable-Tube-Treats-Succulent-Salmon-Flavor-4-Pack/5000131154?classType=VARIANT",
    "currentPrice": "current price $8.44",
    "pricePerOz": "$4.97/oz",
    "pickup": "Free shipping, arrives in 3+ days",
    "delivery": "N/A",
    "shipping": "N/A"
  },
  {
    "ioId": "0YWFAAPROS80",
    "linkIdentifier": "5000131147",
    "text": "BONKERS Mixx, Wet Lickable Tube Tender Chicken Flavored Cat Treats, 4 Tubes",
    "href": "/ip/Bonkers-Mixx-Lickable-Tube-Treats-Tender-Chicken-Flavor-4-Pack/5000131147?classType=VARIANT",
    "currentPrice": "current price $8.61",
    "pricePerOz": "$5.07/oz",
    "pickup": "Free shipping, arrives in 3+ days",
    "delivery": "N/A",
    "shipping": "N/A"
  },
  {
    "ioId": "1HSZQS8IWL1K",
    "linkIdentifier": "5000131143",
    "text": "BONKERS Purrpops, Freeze Dried Tuna Flavored Lollipop Cat Treats, 4 Pieces",
    "href": "/ip/Bonkers-Purrpops-Lollipop-Cat-Treats-Tip-Top-Tuna-Flavor-4-Pack/5000131143?classType=VARIANT",
    "currentPrice": "current price $7.91",
    "pricePerOz": "$4.65/oz",
    "pickup": "Free shipping, arrives in 3+ days",
    "delivery": "N/A",
    "shipping": "N/A"
  },
  {
    "ioId": "6W0TW4209BOI",
    "linkIdentifier": "5000026164",
    "text": "BONKERS Cat Bites, Crunchy & Soft Seafood & Eat it! Flavored Cat Treats, 30oz / 850g Tub",
    "href": "/ip/Bonkers-Crunchy-and-Soft-Cat-Treats-Seafood-Eat-it-Flavor-30-oz/5000026164?classType=VARIANT",
    "currentPrice": "current price $22.83",
    "pricePerOz": "76.1 ¢/oz",
    "pickup": "Shipping, arrives in 3+ days",
    "delivery": "N/A",
    "shipping": "N/A"
  },
  {
    "ioId": "23NIGKEIP5KJ",
    "linkIdentifier": "878064207",
    "text": "Vitakraft Lick 'n' Lap Creamy Lickable Cat Treat - Chicken Flavor, 20 Pack",
    "href": "/ip/Vitakraft-Lick-n-Lap-Creamy-Lickable-Cat-Treat-Chicken-Flavor-20-Pack/878064207?classType=VARIANT",
    "currentPrice": "current price $22.00",
    "pricePerOz": "$2.62/oz",
    "pickup": "Free shipping, arrives in 3+ days",
    "delivery": "N/A",
    "shipping": "N/A"
  },
  {
    "ioId": "46QYAX0XSV4H",
    "linkIdentifier": "5000131145",
    "text": "BONKERS Cat Bites, Crunchy & Soft Paw Lickin' Chicken Flavored Cat Treats, 30oz / 850g Tub",
    "href": "/ip/Bonkers-Crunchy-and-Soft-Cat-Treats-Paw-Lickin-Chicken-Flavor-30-oz/5000131145?classType=VARIANT",
    "currentPrice": "current price $14.48",
    "pricePerOz": "48.3 ¢/oz",
    "pickup": "Shipping, arrives tomorrow",
    "delivery": "N/A",
    "shipping": "N/A"
  },
  {
    "ioId": "2S9XODF5WUQG",
    "linkIdentifier": "2531373140",
    "text": "Inaba USA627A Churu Lickable, Chicken Creamy Puree Cat Treat, 0.5 oz. 20 Tubes",
    "href": "/ip/Inaba-USA627A-Churu-Lickable-Chicken-Creamy-Puree-Cat-Treat-0-5-oz-20-Tubes/2531373140?classType=VARIANT&athbdg=L1600",
    "currentPrice": "current price $19.99",
    "pricePerOz": "N/A",
    "pickup": "Shipping, arrives in 2 days",
    "delivery": "N/A",
    "shipping": "N/A"
  },
  {
    "ioId": "28ADPLFVSX46",
    "linkIdentifier": "165772474",
    "text": "Cat Grass Kit (Organic) Complete with Rustic Wood Planter, Seed and Soil. Easy to Grow",
    "href": "/ip/Cat-Grass-Kit-Organic-Complete-with-Rustic-Wood-Planter-Seed-and-Soil-Easy-to-Grow/165772474?classType=VARIANT",
    "currentPrice": "current price $27.99",
    "pricePerOz": "N/A",
    "pickup": "Shipping, arrives in 2 days",
    "delivery": "N/A",
    "shipping": "N/A"
  },
  {
    "ioId": "3GEFIID0QXMX",
    "linkIdentifier": "5442958763",
    "text": "PAWUP Freeze Dried Salmon for Cat,Raw Cat Food Topper,Hign Protein Chew Cat and Dog Treats,Chicken & Salmon Recipe,5.3oz",
    "href": "/ip/PAWUP-Freeze-Dried-Dog-Treats-Natural-Chicken-Salmon-Bites-Hign-Protein-Dog-Chew-5-3oz/5442958763?classType=VARIANT&athbdg=L1600",
    "currentPrice": "current price Now $10.99",
    "pricePerOz": "$17.99",
    "pickup": "Shipping, arrives tomorrow",
    "delivery": "N/A",
    "shipping": "N/A"
  },
  {
    "ioId": "0VS4A1S1ROYF",
    "linkIdentifier": "2836261974",
    "text": "Temptations Tender Fills Roasted Chicken Flavor Crunchy And Soft Wet Adult Cat Treats, 11.6 Oz. Pouch",
    "href": "/ip/Temptations-Tender-Fills-Roasted-Chicken-Flavor-Crunchy-And-Soft-Adult-Cat-Treats-11-6-Oz-Pouch/2836261974?classType=VARIANT",
    "currentPrice": "N/A",
    "pricePerOz": "N/A",
    "pickup": "Free shipping, arrives in 3+ days",
    "delivery": "N/A",
    "shipping": "N/A"
  },
  {
    "ioId": "3PXIRYEOJT6D",
    "linkIdentifier": "2825931222",
    "text": "Temptations Jumbo Stuff Cat Treats Bundle Set of 3 Flavors (Tempting Tuna, Tasty Chicken, Savory Salmon, 2.5 oz each)",
    "href": "/ip/Temptations-Jumbo-Stuff-Cat-Treats-Bundle-Set-of-3-Flavors-Tempting-Tuna-Tasty-Chicken-Savory-Salmon-2-5-oz-each/2825931222?classType=REGULAR",
    "currentPrice": "current price $16.99",
    "pricePerOz": "N/A",
    "pickup": "Shipping, arrives in 2 days",
    "delivery": "N/A",
    "shipping": "N/A"
  },
  {
    "ioId": "4LY36QOC0ZI0",
    "linkIdentifier": "842605314",
    "text": "Temptations Meaty Bites, Soft And Savory Cat Treats, Salmon Flavor, 4.12 Oz Pouch",
    "href": "/ip/Temptations-Meaty-Bites-Soft-And-Savory-Cat-Treats-Salmon-Flavor-4-12-Oz-Pouch/842605314?classType=VARIANT",
    "currentPrice": "current price $8.88",
    "pricePerOz": "$2.16/oz",
    "pickup": "Free shipping, arrives in 3+ days",
    "delivery": "N/A",
    "shipping": "N/A"
  },
  {
    "ioId": "6QQRDG2SYSO6",
    "linkIdentifier": "20743449",
    "text": "Temptations Classic Cat Treats Tasty Chicken Flavor, 1.7 Oz. Pouch",
    "href": "/ip/Temptations-Classic-Cat-Treats-Tasty-Chicken-Flavor-1-7-Oz-Pouch/20743449?classType=VARIANT",
    "currentPrice": "current price $6.50",
    "pricePerOz": "$3.82/oz",
    "pickup": "Free shipping, arrives in 3+ days",
    "delivery": "N/A",
    "shipping": "N/A"
  },
  {
    "ioId": "6VULA0KAVTPE",
    "linkIdentifier": "1083626398",
    "text": "Purina Friskies Party Mix Cat Treats, Cheezy Craze Crunch, Real Cheese, 20-Ounce Canister (Pack of 2)",
    "href": "/ip/Purina-Friskies-Party-Mix-Cat-Treats-Cheezy-Craze-Crunch-Real-Cheese-20-Ounce-Canister-Pack-of-2/1083626398?classType=VARIANT",
    "currentPrice": "current price $28.38",
    "pricePerOz": "N/A",
    "pickup": "Free shipping, arrives in 3+ days",
    "delivery": "N/A",
    "shipping": "N/A"
  },
  {
    "ioId": "5Y2W9VT78Q9T",
    "linkIdentifier": "10304420662",
    "text": "The Cat's MeWow 100% Pure Catnip - All Natural, Non-Addictive Treat for Cats & Kittens",
    "href": "/ip/The-Cat-s-MeWow-100-Pure-Catnip-All-Natural-Non-Addictive-Treat-for-Cats-Kittens/10304420662?classType=REGULAR",
    "currentPrice": "current price $9.99",
    "pricePerOz": "N/A",
    "pickup": "Shipping, arrives in 2 days",
    "delivery": "N/A",
    "shipping": "N/A"
  },
  {
    "ioId": "61HPKDZNF2UF",
    "linkIdentifier": "1698641153",
    "text": "(15 Pack) Sheba MeatyTender Sticks veritable Pack of 3 Flavor (5 Salmon, 5 Chicken, 5 Tuna) 75 Sticks",
    "href": "/ip/15-Pack-Sheba-MeatyTender-Sticks-veritable-Pack-of-3-Flavor-5-Salmon-5-Chicken-5-Tuna-75-Sticks/1698641153?classType=VARIANT",
    "currentPrice": "current price $35.85",
    "pricePerOz": "N/A",
    "pickup": "Free shipping, arrives in 3+ days",
    "delivery": "N/A",
    "shipping": "N/A"
  },
  {
    "ioId": "66AGAJXT8K88",
    "linkIdentifier": "1895520878",
    "text": "Churu Chicken Variety Box 20 Tubes",
    "href": "/ip/Churu-Chicken-Variety-Box-0-5oz-20-Tubes-10-0-oz/1895520878?classType=VARIANT",
    "currentPrice": "current price $19.69",
    "pricePerOz": "$1.97/oz",
    "pickup": "Shipping, arrives tomorrow",
    "delivery": "N/A",
    "shipping": "N/A"
  },
  {
    "ioId": "3O1DT88G24IW",
    "linkIdentifier": "501025037",
    "text": "INABA Premium Hand-Cut Grilled Chicken Fillet Cat Treats w Vitamin E, 0.9 oz, 6-Pack, Scallop Broth",
    "href": "/ip/INABA-Premium-Hand-Cut-Grilled-Chicken-Fillet-Cat-Treats-w-Vitamin-E-0-9-oz-6-Pack-Scallop-Broth/501025037?classType=VARIANT",
    "currentPrice": "current price $11.56",
    "pricePerOz": "$12.84/ea",
    "pickup": "Shipping, arrives tomorrow",
    "delivery": "N/A",
    "shipping": "N/A"
  },
  {
    "ioId": "38EOFSN3P0RO",
    "linkIdentifier": "5336002529",
    "text": "Hartz Delectables Squeeze Up Tuna & Salmon with Catnip Flavored Lickable Cat Treat, 32 Count",
    "href": "/ip/Hartz-Delectables-Squeeze-Up-Tuna-Salmon-with-Catnip-Flavored-Lickable-Cat-Treat-32-Count/5336002529?classType=REGULAR",
    "currentPrice": "current price $18.44",
    "pricePerOz": "$1.15/oz",
    "pickup": "Shipping, arrives tomorrow",
    "delivery": "N/A",
    "shipping": "N/A"
  },
  {
    "ioId": "4GV4CCNI6CW5",
    "linkIdentifier": "921888551",
    "text": "INABA Chicken Stew Complement/Topper/Treat for Cats, Eight 1.4 oz Pouches, Chicken & Cheese",
    "href": "/ip/INABA-Chicken-Stew-Complement-Topper-Treat-for-Cats-Eight-1-4-oz-Pouches-Chicken-Cheese/921888551?classType=VARIANT",
    "currentPrice": "current price $11.04",
    "pricePerOz": "98.6 ¢/oz",
    "pickup": "Shipping, arrives tomorrow",
    "delivery": "N/A",
    "shipping": "N/A"
  },
  {
    "ioId": "3NYBN71CLZHW",
    "linkIdentifier": "645403213",
    "text": "INABA Churu Creamy, Lickable Purée Cat Treat w Taurine, 0.5 oz, 10 Tubes (2 Flavor), Chicken Variety",
    "href": "/ip/INABA-Churu-Creamy-Lickable-Pur-e-Cat-Treat-w-Taurine-0-5-oz-10-Tubes-2-Flavor-Chicken-Variety/645403213?classType=VARIANT",
    "currentPrice": "current price $9.89",
    "pricePerOz": "$19.78/fl oz",
    "pickup": "Shipping, arrives tomorrow",
    "delivery": "N/A",
    "shipping": "N/A"
  },
  {
    "ioId": "0U8TYLI7EXSU",
    "linkIdentifier": "2684786173",
    "text": "Hartz Delectables Squeeze up Lickable Treat Size:Pack of 1 Flavor:Chicken/Veggies",
    "href": "/ip/Hartz-Delectables-Squeeze-up-Lickable-Treat-Size-Pack-of-1-Flavor-Chicken-Veggies/2684786173?classType=VARIANT",
    "currentPrice": "current price $8.99",
    "pricePerOz": "N/A",
    "pickup": "Free shipping, arrives in 3+ days",
    "delivery": "N/A",
    "shipping": "N/A"
  },
  {
    "ioId": "6NFX6IWEB7OI",
    "linkIdentifier": "718072611",
    "text": "Hartz Delectables Squeeze Up Lickable Wet Cat Treats, Chicken Senior 10+ Years, 4 Pack",
    "href": "/ip/Hartz-Delectables-Squeeze-Up-Lickable-Wet-Cat-Treats-Chicken-Senior-10-Years-4-Pack/718072611?classType=VARIANT",
    "currentPrice": "current price $8.55",
    "pricePerOz": "$4.28/oz",
    "pickup": "Shipping, arrives in 2 days",
    "delivery": "N/A",
    "shipping": "N/A"
  },
  {
    "ioId": "4WVKW9Z55QBR",
    "linkIdentifier": "27733427",
    "text": "Feline Greenies Smartbites Skin & Fur Crunchy And Soft Natural Cat Treats, Salmon Flavor, 2.1 Oz Pack",
    "href": "/ip/Greenies-Smartbite-Skin-and-Fur-Salmon-Cat-Treat/27733427?classType=VARIANT",
    "currentPrice": "current price $8.97",
    "pricePerOz": "N/A",
    "pickup": "Free shipping, arrives tomorrow",
    "delivery": "N/A",
    "shipping": "N/A"
  },
  {
    "ioId": "3818FUJZ24OO",
    "linkIdentifier": "759277505",
    "text": "Temptations Cat Treats Savory Salmon Flavor 6.3 oz (Pack of 4)",
    "href": "/ip/Temptations-Cat-Treats-Savory-Salmon/759277505?classType=REGULAR",
    "currentPrice": "current price $27.86",
    "pricePerOz": "N/A",
    "pickup": "Free shipping, arrives in 3+ days",
    "delivery": "N/A",
    "shipping": "N/A"
  },
  {
    "ioId": "62ZMDJQXF221",
    "linkIdentifier": "1841172157",
    "text": "Chef Kitty Freeze Dried Cat and Dog Treats All Natural Human Grade Chicken Breast - 1.75oz",
    "href": "/ip/Chef-Kitty-Freeze-Dried-Cat-and-Dog-Treats-All-Natural-Human-Grade-Chicken-Breast-1-75oz/1841172157?classType=VARIANT",
    "currentPrice": "current price $14.95",
    "pricePerOz": "N/A",
    "pickup": "Free shipping, arrives in 3+ days",
    "delivery": "N/A",
    "shipping": "N/A"
  },
  {
    "ioId": "38H0JAHPWIVK",
    "linkIdentifier": "254346028",
    "text": "FELINE GREENIES PILL POCKETS Cat Treats, Salmon, 45 Treats, 1.6 oz.",
    "href": "/ip/FELINE-GREENIES-PILL-POCKETS-Cat-Treats-Salmon-45-Treats-1-6-oz/254346028?classType=VARIANT",
    "currentPrice": "N/A",
    "pricePerOz": "N/A",
    "pickup": "Free shipping, arrives in 3+ days",
    "delivery": "N/A",
    "shipping": "N/A"
  },
  {
    "ioId": "467GRUNZIEHU",
    "linkIdentifier": "785761992",
    "text": "INABA Churu Creamy, Lickable Purée Cat Treat w Taurine, 0.5 oz, 24 Tubes, Chicken w Scallop Recipe",
    "href": "/ip/INABA-Churu-Creamy-Lickable-Pur-e-Cat-Treat-w-Taurine-0-5-oz-24-Tubes-Chicken-w-Scallop-Recipe/785761992?classType=VARIANT",
    "currentPrice": "current price $17.89",
    "pricePerOz": "N/A",
    "pickup": "Shipping, arrives tomorrow",
    "delivery": "N/A",
    "shipping": "N/A"
  },
  {
    "ioId": "146X31778SJW",
    "linkIdentifier": "2635654155",
    "text": "Hartz Delectables Squeeze Up Non-Seafood Variety Pack Interactive Lickable Wet Cat Treats, 0.5oz Tube (20 Count)",
    "href": "/ip/Hartz-Delectables-Squeeze-Up-Non-Seafood-Variety-Pack-Interactive-Lickable-Wet-Cat-Treats-0-5oz-Tube-20-Count/2635654155?classType=VARIANT",
    "currentPrice": "N/A",
    "pricePerOz": "N/A",
    "pickup": "Free shipping, arrives in 3+ days",
    "delivery": "N/A",
    "shipping": "N/A"
  },
  {
    "ioId": "3YV8X0RPP0X3",
    "linkIdentifier": "473997805",
    "text": "Organic Potting Soil for Indoor and Outdoor Plants - 12 Pack, Suitable for 3 Inch and 4 Inch Pots",
    "href": "/ip/Organic-Potting-Soil-for-Indoor-and-Outdoor-Plants-12-Pack-Suitable-for-3-Inch-and-4-Inch-Pots/473997805?classType=REGULAR",
    "currentPrice": "current price $14.99",
    "pricePerOz": "N/A",
    "pickup": "Shipping, arrives in 2 days",
    "delivery": "N/A",
    "shipping": "N/A"
  },
  {
    "ioId": "74K3WDP6T6I0",
    "linkIdentifier": "10849079",
    "text": "Purina Friskies Cat Treats, Party Mix Mixed Grill Crunch",
    "href": "/ip/Purina-Friskies-Cat-Treats-Party-Mix-Mixed-Grill-Crunch/10849079?classType=VARIANT",
    "currentPrice": "current price $7.79",
    "pricePerOz": "$3.71/oz",
    "pickup": "Free shipping, arrives in 3+ days",
    "delivery": "N/A",
    "shipping": "N/A"
  },
  {
    "ioId": "47GMC1R6PDC7",
    "linkIdentifier": "5235953559",
    "text": "Hartz Delectables Squeeze Up Interactive Lickable Wet Cat Treats for Adult & Senior Cats, Chicken, 0.5 Oz - 4 Count (Pack of 8) - Packaging May Vary",
    "href": "/ip/Hartz-Delectables-Squeeze-Up-Interactive-Lickable-Wet-Cat-Treats-for-Adult-Senior-Cats-Chicken-0-5-Oz-4-Count-Pack-of-8-Packaging-May-Vary/5235953559?classType=REGULAR",
    "currentPrice": "current price $25.99",
    "pricePerOz": "N/A",
    "pickup": "Free shipping, arrives in 3+ days",
    "delivery": "N/A",
    "shipping": "N/A"
  },
  {
    "ioId": "67M67QBZCOZW",
    "linkIdentifier": "5397015897",
    "text": "Purina Pro Plan Veterinary Supplements Calming Care Cat Supplements - 30 ct. Box",
    "href": "/ip/Purina-Pro-Plan-Veterinary-Supplements-Calming-Care-Cat-Supplements-30-ct-Box/5397015897?classType=REGULAR",
    "currentPrice": "current price $33.45",
    "pricePerOz": "N/A",
    "pickup": "Free shipping, arrives in 3+ days",
    "delivery": "N/A",
    "shipping": "N/A"
  },
  {
    "ioId": "707OBSUQC5FP",
    "linkIdentifier": "5627430483",
    "text": "Oimmal L-Lysine Powder for Cats, Cat L-Lysine Supplement Powder for Sneezing and Runny Nose, Cat Cold, Cat Immune Support, Eye Function & Respiratory Health 120g (Salmon Flavor)",
    "href": "/ip/Oimmal-L-Lysine-Powder-Cats-Cat-Supplement-Sneezing-Runny-Nose-Cold-Immune-Support-Eye-Function-Respiratory-Health-120g-Salmon-Flavor/5627430483?classType=VARIANT",
    "currentPrice": "current price $14.99",
    "pricePerOz": "N/A",
    "pickup": "Free shipping, arrives in 3+ days",
    "delivery": "N/A",
    "shipping": "N/A"
  },
  {
    "ioId": "3S1VHERQHL6U",
    "linkIdentifier": "5550833189",
    "text": "(3 pack) Purina Friskies Party Mix Original Crunch, Cat Treats, Chicken, Liver, & Turkey, 20 oz Canister",
    "href": "/ip/Purina-Friskies-Party-Mix-Cat-Treats-Original-Crunch-Snacks-20-oz-Canister/5550833189?classType=VARIANT",
    "currentPrice": "current price $25.44",
    "pricePerOz": "42.4 ¢/oz",
    "pickup": "Pickup today",
    "delivery": "Delivery today",
    "shipping": "Shipping, arrives tomorrow"
  },
  {
    "ioId": "34BGOXUAGY68",
    "linkIdentifier": "9210765290",
    "text": "Cat Grass Teething Stick Cat Treats, Cat Grass Sticks for Indoor Cats, Cuddles and Meow Cat GrassSticks for Hairball, Cat Chew Stick Natural Molar Rod, Cat Grass Sticks Increase Appetite - 5.3oz",
    "href": "/ip/Cat-Grass-Teething-Stick-Treats-Sticks-Indoor-Cats-Cuddles-Meow-GrassSticks-Hairball-Chew-Natural-Molar-Rod-Increase-Appetite-5-3oz/9210765290?classType=VARIANT",
    "currentPrice": "current price $10.99",
    "pricePerOz": "N/A",
    "pickup": "Free shipping, arrives in 3+ days",
    "delivery": "N/A",
    "shipping": "N/A"
  },
  {
    "ioId": "5SL2F04YLZOM",
    "linkIdentifier": "14906411",
    "text": "Temptations Classic, Crunchy And Soft Cat Treats, Hearty Beef Flavor, 6.3 Oz Pouch",
    "href": "/ip/Temptations-Classic-Crunchy-And-Soft-Cat-Treats-Hearty-Beef-Flavor-6-3-Oz-Pouch/14906411?classType=VARIANT",
    "currentPrice": "current price $10.60",
    "pricePerOz": "N/A",
    "pickup": "Shipping, arrives in 2 days",
    "delivery": "N/A",
    "shipping": "N/A"
  },
  {
    "ioId": "7A541Q2BT2GW",
    "linkIdentifier": "9057157105",
    "text": "Hartz Delectables Chowder Lickable OIF8Wet Cat Treats for Senior Cats, Tuna & Whitefish, 1.4 Ounce (Pack of 12)(Packaging May Vary )",
    "href": "/ip/Hartz-Delectables-Chowder-Lickable-OIF8-nbsp-Wet-Cat-Treats-for-Senior-Cats-Tuna-Whitefish-1-4-Ounce-Pack-of-12-Packaging-May-Vary/9057157105?classType=REGULAR",
    "currentPrice": "N/A",
    "pricePerOz": "N/A",
    "pickup": "Free shipping, arrives in 3+ days",
    "delivery": "N/A",
    "shipping": "N/A"
  },
  {
    "ioId": "6GOXKTLO7S5C",
    "linkIdentifier": "1547480409",
    "text": "Hartz Delectables SENIOR 15 years Lickable Cat Treat Flavor:Senior 15 Size:4 Bisque",
    "href": "/ip/Hartz-Delectables-SENIOR-15-years-Lickable-Cat-Treat-Flavor-Senior-15-Size-4-Bisque/1547480409?classType=VARIANT",
    "currentPrice": "current price $15.47",
    "pricePerOz": "N/A",
    "pickup": "Free shipping, arrives in 3+ days",
    "delivery": "N/A",
    "shipping": "N/A"
  },
  {
    "ioId": "2VWQSNM7L7DX",
    "linkIdentifier": "246016313",
    "text": "Hartz Delectables Non-Seafood Bisque Lickable Wet Cat Treats for Adult & Senior Cats, Chicken & Beef, 12 Count",
    "href": "/ip/Hartz-Delectables-Bisque-Lickable-Treat-for-Cats-Chicken-and-Beef/246016313?classType=VARIANT",
    "currentPrice": "N/A",
    "pricePerOz": "N/A",
    "pickup": "Free shipping, arrives in 2 days",
    "delivery": "N/A",
    "shipping": "N/A"
  },
  {
    "ioId": "1TRB4J0N4G77",
    "linkIdentifier": "1785461729",
    "text": "Purina Friskies Party Mix Cat Treats, Morning Munch Crunch with Egg, Bacon & Cheese Flavors, Bite-Sized Snacks for Cats, Helps Clean Teeth, 2.1 OZ Pouch (Pack of 3)",
    "href": "/ip/Purina-Friskies-Party-Mix-Cat-Treats-Morning-Munch-Crunch-Egg-Bacon-Cheese-Flavors-Bite-Sized-Snacks-Cats-Helps-Clean-Teeth-2-1-OZ-Pouch-Pack-3/1785461729?classType=VARIANT",
    "currentPrice": "current price $13.88",
    "pricePerOz": "N/A",
    "pickup": "Free shipping, arrives in 3+ days",
    "delivery": "N/A",
    "shipping": "N/A"
  },
  {
    "ioId": "70TOKQMLFB2F",
    "linkIdentifier": "25176547",
    "text": "KONG Naturals Premium Catnip, 2 Oz",
    "href": "/ip/KONG-Naturals-Premium-Catnip-2-Oz/25176547?classType=REGULAR",
    "currentPrice": "current price $18.99",
    "pricePerOz": "N/A",
    "pickup": "Free shipping, arrives in 3+ days",
    "delivery": "N/A",
    "shipping": "N/A"
  },
  {
    "ioId": "0VU7V3TSY66L",
    "linkIdentifier": "43436453",
    "text": "Purina Friskies Party Mix Picnic Crunch, Cat Treats, Chicken, Turkey, & Cheddar, 2.1 oz Bag",
    "href": "/ip/Purina-Friskies-Party-Mix-Picnic-Crunch-Cat-Treats-Chicken-Turkey-Cheddar-2-1-oz-Bag/43436453?classType=VARIANT",
    "currentPrice": "N/A",
    "pricePerOz": "N/A",
    "pickup": "Free shipping, arrives in 3+ days",
    "delivery": "N/A",
    "shipping": "N/A"
  },
  {
    "ioId": "5X6MO78CZJ45",
    "linkIdentifier": "133531608",
    "text": "Greenies Feline Savory Salmon Flavor Dental & Crunchy Treat For Cat, 2.1 Oz",
    "href": "/ip/Greenies-Feline-Adult-Cat-Dental-Treats-Savory-Salmon-2-1-oz/133531608?classType=VARIANT",
    "currentPrice": "current price $3.28",
    "pricePerOz": "$1.56/oz",
    "pickup": "N/A",
    "delivery": "N/A",
    "shipping": "N/A"
  },
  {
    "ioId": "79FO5AVUNTPE",
    "linkIdentifier": "10738219024",
    "text": "100g Catnip Cat Grass Toys for Cat, Natural Dried for Cats, Edible Cat Chew Toys for Remove Hair Ball and Cleaning Teeth",
    "href": "/ip/100g-Catnip-Cat-Grass-Toys-for-Cat-Natural-Dried-for-Cats-Edible-Cat-Chew-Toys-for-Remove-Hair-Ball-and-Cleaning-Teeth/10738219024?classType=undefined",
    "currentPrice": "N/A",
    "pricePerOz": "N/A",
    "pickup": "N/A",
    "delivery": "N/A",
    "shipping": "N/A"
  },
  {
    "ioId": "36FKULLD8FAH",
    "linkIdentifier": "3688978347",
    "text": "Temptations Creamy Dairy Flavor Cat Treats, 1.7 oz. (3 bags)",
    "href": "/ip/Temptations-Creamy-Dairy-Flavor-Cat-Treats-1-7-oz-3-bags/3688978347?classType=REGULAR",
    "currentPrice": "current price $15.15",
    "pricePerOz": "N/A",
    "pickup": "N/A",
    "delivery": "N/A",
    "shipping": "N/A"
  },
  {
    "ioId": "4MQQUHG7MWES",
    "linkIdentifier": "46155908",
    "text": "YEOWWW Catnip Banana Pure Organic Leaf and Flowertop Cat and Kitten Toy",
    "href": "/ip/YEOWWW-Catnip-Banana-Pure-Organic-Leaf-and-Flowertop-Cat-and-Kitten-Toy/46155908?classType=VARIANT",
    "currentPrice": "current price $10.94",
    "pricePerOz": "N/A",
    "pickup": "Shipping, arrives in 2 days",
    "delivery": "N/A",
    "shipping": "N/A"
  },
  {
    "ioId": "19EE3PM7A4HW",
    "linkIdentifier": "871833542",
    "text": "Fur Valley Pet Co. Freeze Dried Raw Beef Liver Treats & Topper for Dogs and Cats - 1 oz.",
    "href": "/ip/Fur-Valley-All-Natural-Freeze-Dried-Beef-Liver-Bites-Cat-Treats-100-Beef-Liver-with-No-Fillers/871833542?classType=VARIANT",
    "currentPrice": "current price $4.98",
    "pricePerOz": "N/A",
    "pickup": "Shipping, arrives tomorrow",
    "delivery": "N/A",
    "shipping": "N/A"
  },
  {
    "ioId": "36DG8594K0BM",
    "linkIdentifier": "144507592",
    "text": "Inaba Chicken & Tuna Flavor Soft Treat for Cat, 0.4 oz. (3 Count)",
    "href": "/ip/Inaba-Chicken-Tuna-Flavor-Soft-Treat-for-Cat-0-4-oz-3-Count/144507592?classType=VARIANT",
    "currentPrice": "current price $7.49",
    "pricePerOz": "$18.73/oz",
    "pickup": "Shipping, arrives tomorrow",
    "delivery": "N/A",
    "shipping": "N/A"
  },
  {
    "ioId": "61L79B28PNF1",
    "linkIdentifier": "724238362",
    "text": "Temptations Cat Treats Savory Salmon Flavor 6.3 oz (Pack of 6)",
    "href": "/ip/Temptations-Cat-Treats-Savory-Salmon/724238362?classType=REGULAR",
    "currentPrice": "current price $35.53",
    "pricePerOz": "N/A",
    "pickup": "Free shipping, arrives in 3+ days",
    "delivery": "N/A",
    "shipping": "N/A"
  },
  {
    "ioId": "49NIUAGGSFVL",
    "linkIdentifier": "43534987",
    "text": "Blue Buffalo Wilderness Chicken & Salmon Flavor Dry Soft Treats for Cats, Grain-Free, 2 oz. Bag",
    "href": "/ip/Blue-Buffalo-Wilderness-Chicken-Salmon-Flavor-Soft-Treats-for-Cats-Grain-Free-2-oz-Bag/43534987?classType=VARIANT",
    "currentPrice": "current price $2.98",
    "pricePerOz": "$1.49/oz",
    "pickup": "Shipping, arrives tomorrow",
    "delivery": "N/A",
    "shipping": "N/A"
  },
  {
    "ioId": "5QN5SO32P2N6",
    "linkIdentifier": "10145712537",
    "text": "Reveal Pet Food Whole Tuna Loin Cat Treat, Natural Wet Grain Free Food, 12 Ct 1.06 oz Pouches",
    "href": "/ip/Reveal-Whole-Tuna-Loin-Cat-Treat-Natural-Grain-Free-Food-12-ct-1-06-oz-pouches/10145712537?classType=REGULAR",
    "currentPrice": "current price $29.76",
    "pricePerOz": "$2.34/oz",
    "pickup": "Shipping, arrives tomorrow",
    "delivery": "N/A",
    "shipping": "N/A"
  },
  {
    "ioId": "65PAYIO88R2C",
    "linkIdentifier": "626978071",
    "text": "Hartz Hairball Remedy Plus Bundle Size:Treats Pack of 2",
    "href": "/ip/Hartz-Hairball-Remedy-Plus-Bundle-Size-Treats-Pack-of-2/626978071?classType=VARIANT",
    "currentPrice": "current price $12.99",
    "pricePerOz": "N/A",
    "pickup": "Shipping, arrives in 2 days",
    "delivery": "N/A",
    "shipping": "N/A"
  },
  {
    "ioId": "1HFQ3KXB1I4M",
    "linkIdentifier": "770349039",
    "text": "Friskies , Natural Cat Treats, Party Mix Natural Yums Catnip Flavor, 2.1 oz. Pouch",
    "href": "/ip/Friskies-Natural-Cat-Treats-Party-Mix-Natural-Yums-Catnip-Flavor-2-1-oz-Pouch/770349039?classType=VARIANT",
    "currentPrice": "current price $7.16",
    "pricePerOz": "$3.41/oz",
    "pickup": "Free shipping, arrives in 3+ days",
    "delivery": "N/A",
    "shipping": "N/A"
  },
  {
    "ioId": "0ZW4OSBP5NJV",
    "linkIdentifier": "248924943",
    "text": "Vetri-Science Cat Nucat Senior Multi-Vitamin 30Ct",
    "href": "/ip/VetriScience-NuCat-Senior-Cat-Multivitamin-Everyday-Health-Support-30-Chews/248924943?classType=REGULAR",
    "currentPrice": "current price $8.99",
    "pricePerOz": "$4.50/2",
    "pickup": "Free shipping, arrives in 3+ days",
    "delivery": "N/A",
    "shipping": "N/A"
  },
  {
    "ioId": "1DUDBAQLYAG2",
    "linkIdentifier": "549755038",
    "text": "PureBites Chicken Freeze Dried Cat Treats, 1 Ingredient, Made In USA, 2.3oz",
    "href": "/ip/PureBites-Freeze-Dried-Cat-Treats-Chicken-Breast-2-3-oz/549755038?classType=REGULAR",
    "currentPrice": "current price $12.49",
    "pricePerOz": "N/A",
    "pickup": "Shipping, arrives in 2 days",
    "delivery": "N/A",
    "shipping": "N/A"
  },
  {
    "ioId": "6AV22M4JA0X5",
    "linkIdentifier": "1604155842",
    "text": "FELINE GREENIES Cat Treats for Adult Cats Holiday Gift Pack, 6.7 Oz Box",
    "href": "/ip/FELINE-GREENIES-Cat-Treats-for-Adult-Cats-Holiday-Gift-Pack-6-7-Oz-Box/1604155842?classType=REGULAR",
    "currentPrice": "current price $24.99",
    "pricePerOz": "$3.73/oz",
    "pickup": "Free shipping, arrives in 3+ days",
    "delivery": "N/A",
    "shipping": "N/A"
  },
  {
    "ioId": "2VNR5JHL5KZR",
    "linkIdentifier": "630591209",
    "text": "FELINE GREENIES SMARTBITES Hairball Control Crunchy and Soft Natural Cat Treats, Tuna Flavor, 16 oz. Tub",
    "href": "/ip/FELINE-GREENIES-SMARTBITES-Hairball-Control-Crunchy-and-Soft-Natural-Cat-Treats-Tuna-Flavor-16-oz-Tub/630591209?classType=REGULAR",
    "currentPrice": "current price $27.86",
    "pricePerOz": "N/A",
    "pickup": "Free shipping, arrives in 3+ days",
    "delivery": "N/A",
    "shipping": "N/A"
  },
  {
    "ioId": "1H7MAX2JUI3Z",
    "linkIdentifier": "966497781",
    "text": "Delectables Stew Non-Seafood Chicken & Duck Lickable Wet Cat Treats",
    "href": "/ip/Delectables-Stew-Non-Seafood-Chicken-Duck-Lickable-Wet-Cat-Treats/966497781?classType=VARIANT",
    "currentPrice": "current price Now $5.99",
    "pricePerOz": "$15.48",
    "pickup": "Shipping, arrives in 3+ days",
    "delivery": "N/A",
    "shipping": "N/A"
  },
  {
    "ioId": "3FYHPJ6AWX2W",
    "linkIdentifier": "5089315062",
    "text": "Reveal Pet Food Whole Mackerel Loin Cat Treat, 12 Ct 1.06 oz Pouches",
    "href": "/ip/Reveal-Whole-Mackerel-Loin-Cat-Treat-Natural-Grain-Free-Food-12-ct-1-06-oz-pouches/5089315062?classType=REGULAR",
    "currentPrice": "current price $29.88",
    "pricePerOz": "$2.35/oz",
    "pickup": "Shipping, arrives in 3+ days",
    "delivery": "N/A",
    "shipping": "N/A"
  },
  {
    "ioId": "10P3GWAH9UYF",
    "linkIdentifier": "1251128060",
    "text": "Temptations Meaty Mixups Salmon And Tuna Crunchy And Soft Cat Treats For Adult Cats, 4.12 Oz Pouch",
    "href": "/ip/Temptations-Meaty-Mixups-Salmon-And-Tuna-Crunchy-And-Soft-Cat-Treats-For-Adult-Cats-4-12-Oz-Pouch/1251128060?classType=REGULAR",
    "currentPrice": "current price $10.29",
    "pricePerOz": "$2.50/oz",
    "pickup": "Free shipping, arrives in 3+ days",
    "delivery": "N/A",
    "shipping": "N/A"
  },
  {
    "ioId": "3VOJYOBTGEHZ",
    "linkIdentifier": "5496967182",
    "text": "Hartz Delectables Non-Seafood Stew Lickable Wet Cat Treats, Chicken & Beef, 1.4 Ounce",
    "href": "/ip/Hartz-Delectables-Non-Seafood-Stew-Lickable-Wet-Cat-Treats-Chicken-Beef-1-4-Ounce-Pack-of-12/5496967182?classType=VARIANT",
    "currentPrice": "current price $19.45",
    "pricePerOz": "N/A",
    "pickup": "Free shipping, arrives in 3+ days",
    "delivery": "N/A",
    "shipping": "N/A"
  },
  {
    "ioId": "3PD94UYL4HSW",
    "linkIdentifier": "5000026174",
    "text": "Blue Buffalo Tastefuls Adult Cat Natural Purées, Salmon 3-oz Resealable Twist Cap Pouch",
    "href": "/ip/Blue-Buffalo-Tastefuls-Adult-Cat-Natural-Pur-es-Salmon-3-oz-Resealable-Twist-Cap-Pouch/5000026174?classType=VARIANT",
    "currentPrice": "current price $4.00",
    "pricePerOz": "$1.33/oz",
    "pickup": "Shipping, arrives in 3+ days",
    "delivery": "N/A",
    "shipping": "N/A"
  },
  {
    "ioId": "7BF70VB51PYH",
    "linkIdentifier": "1368055044",
    "text": "Hartz Delectables Squeeze Up Interactive Lickable Wet Cat Treats for Adult & Senior Cats, Tuna, 32 Count",
    "href": "/ip/Hartz-Delectables-Squeeze-Up-Interactive-Lickable-Wet-Cat-Treats-for-Adult-Senior-Cats-Tuna-32-Count/1368055044?classType=REGULAR",
    "currentPrice": "current price $32.00",
    "pricePerOz": "N/A",
    "pickup": "Free shipping, arrives in 3+ days",
    "delivery": "N/A",
    "shipping": "N/A"
  },
  {
    "ioId": "1IL943HS75U0",
    "linkIdentifier": "392151249",
    "text": "Purina Kit Kaboodle Cat Food and Treats",
    "href": "/ip/Purina-Kit-Kaboodle-Cat-Food-and-Treats/392151249?classType=VARIANT",
    "currentPrice": "current price $6.98",
    "pricePerOz": "N/A",
    "pickup": "Shipping, arrives in 2 days",
    "delivery": "N/A",
    "shipping": "N/A"
  },
  {
    "ioId": "2OE1VAH65YP5",
    "linkIdentifier": "43644014",
    "text": "Wellness Kittles Crunchy Natural Grain Free Cat Treats, Chicken & Cranberry, 2-Ounce Bag",
    "href": "/ip/Wellness-Kittles-Chicken-Cranberries-Dry-Cat-Treat-2-oz/43644014?classType=VARIANT",
    "currentPrice": "current price Now $3.66",
    "pricePerOz": "$4.28",
    "pickup": "Free shipping, arrives in 3+ days",
    "delivery": "N/A",
    "shipping": "N/A"
  },
  {
    "ioId": "10F605WS6R7W",
    "linkIdentifier": "5311600354",
    "text": "Friskies , Natural Cat Treats, Party Mix Natural Yums Catnip Flavor, 2.1 oz. Pouch- Pack of 2",
    "href": "/ip/Friskies-Natural-Cat-Treats-Party-Mix-Natural-Yums-Catnip-Flavor-2-1-oz-Pouch-Pack-of-2/5311600354?classType=VARIANT",
    "currentPrice": "current price $12.76",
    "pricePerOz": "N/A",
    "pickup": "Free shipping, arrives in 3+ days",
    "delivery": "N/A",
    "shipping": "N/A"
  },
  {
    "ioId": "73EW7SJ4ZPTJ",
    "linkIdentifier": "647100927",
    "text": "INABA Churu Creamy, Lickable Purée Cat Treat w Taurine, 0.5 oz, 4 Tubes, Tuna with Scallop Recipe",
    "href": "/ip/Inaba-Ciao-Grain-Free-Churu-Tuna-With-Scallop-Flavor-Puree-Wet-Cat-Treat-2-Oz/647100927?classType=VARIANT",
    "currentPrice": "current price $8.01",
    "pricePerOz": "$16.02/fl oz",
    "pickup": "Shipping, arrives tomorrow",
    "delivery": "N/A",
    "shipping": "N/A"
  },
  {
    "ioId": "6PX5VZZQ5867",
    "linkIdentifier": "8340009252",
    "text": "Delectables Bisque Lickable Wet Cat Treats - Chicken, Tuna & Shrimp, 12 count",
    "href": "/ip/Delectables-Bisque-Lickable-Wet-Cat-Treats-Chicken-Tuna-Shrimp-12-count/8340009252?classType=REGULAR",
    "currentPrice": "current price $18.82",
    "pricePerOz": "N/A",
    "pickup": "Free shipping, arrives in 3+ days",
    "delivery": "N/A",
    "shipping": "N/A"
  },
  {
    "ioId": "29E3NWCHPMKO",
    "linkIdentifier": "9591057392",
    "text": "Hartz Delectables Bisque Lickable MMF7Wet Cat Treats for Senior Cats, Senior Variety 12 Countt",
    "href": "/ip/Hartz-Delectables-Bisque-Lickable-MMF7-nbsp-Wet-Cat-Treats-for-Senior-Cats-Senior-Variety-12-Countt/9591057392?classType=REGULAR",
    "currentPrice": "N/A",
    "pricePerOz": "N/A",
    "pickup": "Free shipping, arrives in 3+ days",
    "delivery": "N/A",
    "shipping": "N/A"
  },
  {
    "ioId": "1F1JUJ77R0TR",
    "linkIdentifier": "7848966210",
    "text": "Cat Crack Organic Catnip, 100% Natural Cat Nips Organic Blend That Energizes and Excites Cats, Safe Catnip Treats for Cat Play, Cat Training, & New Organic Catnip Toys for Cats(1 Cup Organic)",
    "href": "/ip/Cat-Crack-Organic-Catnip-100-Natural-Nips-Blend-That-Energizes-Excites-Cats-Safe-Catnip-Treats-Play-Training-New-Toys-Cats-1-Cup-Organic/7848966210?classType=VARIANT",
    "currentPrice": "current price $14.99",
    "pricePerOz": "N/A",
    "pickup": "Shipping, arrives in 2 days",
    "delivery": "N/A",
    "shipping": "N/A"
  },
  {
    "ioId": "46VXPQNVVGZD",
    "linkIdentifier": "1931464922",
    "text": "Chef Kitty Freeze Dried Cat and Dog Treats 100% Natural Chicken Heart - 1.75oz",
    "href": "/ip/Chef-Kitty-Freeze-Dried-Cat-and-Dog-Treats-100-Natural-Chicken-Heart-1-75oz/1931464922?classType=VARIANT",
    "currentPrice": "current price $12.95",
    "pricePerOz": "N/A",
    "pickup": "Free shipping, arrives in 3+ days",
    "delivery": "N/A",
    "shipping": "N/A"
  },
  {
    "ioId": "41PHBD6GT9F9",
    "linkIdentifier": "164629332",
    "text": "Temptations Classic, Crunchy &Soft Cat Treats, Creepy Catnip Treats For Cats, Blissful Catnip, 3 Oz Pouch",
    "href": "/ip/Temptations-Classic-Crunchy-Soft-Cat-Treats-Creepy-Catnip-Treats-For-Cats-Blissful-Catnip-3-Oz-Pouch/164629332?classType=VARIANT",
    "currentPrice": "current price $8.00",
    "pricePerOz": "$2.67/oz",
    "pickup": "Shipping, arrives in 2 days",
    "delivery": "N/A",
    "shipping": "N/A"
  },
  {
    "ioId": "6SS9ELZSARLW",
    "linkIdentifier": "301908414",
    "text": "Rachael Ray Nutrish Wheelies Dry Cat Treats, Chicken, 2.2 oz. Bag",
    "href": "/ip/Rachael-Ray-Nutrish-Wheelies-Cat-Treats-Chicken-2-2-oz-Bag/301908414?classType=VARIANT",
    "currentPrice": "current price Now $2.50",
    "pricePerOz": "$10.06",
    "pickup": "Shipping, arrives in 3+ days",
    "delivery": "N/A",
    "shipping": "N/A"
  },
  {
    "ioId": "7AVIBF5JH7K1",
    "linkIdentifier": "1633866778",
    "text": "Fruitables - Cat Treats Chicken&blubry - Case of 10-2.5 OZ",
    "href": "/ip/Fruitables-Cat-Treats-Chicken-blubry-Case-of-10-2-5-OZ/1633866778?classType=VARIANT",
    "currentPrice": "current price $39.81",
    "pricePerOz": "N/A",
    "pickup": "Free shipping, arrives in 3+ days",
    "delivery": "N/A",
    "shipping": "N/A"
  },
  {
    "ioId": "58P1BTPS9GNO",
    "linkIdentifier": "5550081481",
    "text": "(10 pack) Purina Friskies Party Mix Original Crunch, Cat Treats, Chicken, Liver, & Turkey, 2.1 oz Bag",
    "href": "/ip/Purina-Friskies-Party-Mix-Cat-Treats-Original-Crunch-Snacks-2-1-oz-Pouch/5550081481?classType=VARIANT",
    "currentPrice": "current price $14.80",
    "pricePerOz": "70.5 ¢/oz",
    "pickup": "Shipping, arrives tomorrow",
    "delivery": "N/A",
    "shipping": "N/A"
  },
  {
    "ioId": "4D13A8UU3FNS",
    "linkIdentifier": "736125881",
    "text": "Purina Friskies Party Mix Natural Yums Cat Treats, Salmon, (6) 6 oz Bags",
    "href": "/ip/Purina-Friskies-Party-Mix-Salmon-Flavor-for-Cats-6-oz-Pouches-6-Pack/736125881?classType=REGULAR",
    "currentPrice": "current price $22.10",
    "pricePerOz": "61.4 ¢/oz",
    "pickup": "Shipping, arrives tomorrow",
    "delivery": "N/A",
    "shipping": "N/A"
  },
  {
    "ioId": "1DVBRZX1FTF7",
    "linkIdentifier": "114106449",
    "text": "Whole Life Pet Just One Ingredient Chicken Treats for Cats, 1oz",
    "href": "/ip/Whole-Life-Pet-Just-One-Ingredient-Chicken-Treats-for-Cats-1oz/114106449?classType=VARIANT",
    "currentPrice": "current price $5.99",
    "pricePerOz": "+$6.99 shipping",
    "pickup": "Shipping, arrives in 3+ days",
    "delivery": "N/A",
    "shipping": "N/A"
  },
  {
    "ioId": "52E4U3SSRC7R",
    "linkIdentifier": "9074563917",
    "text": "Hartz Delectables Bisque Lickable OIF8Wet Cat Treats with Tuna & chicken, Senior Cats 10+ years, 1.4 Ounce (Pack of 12) - Packaging May Vary",
    "href": "/ip/Hartz-Delectables-Bisque-Lickable-OIF8-nbsp-Wet-Cat-Treats-with-Tuna-chicken-Senior-Cats-10-years-1-4-Ounce-Pack-of-12-Packaging-May-Vary/9074563917?classType=REGULAR",
    "currentPrice": "current price $18.84",
    "pricePerOz": "N/A",
    "pickup": "Free shipping, arrives in 3+ days",
    "delivery": "N/A",
    "shipping": "N/A"
  },
  {
    "ioId": "5EJJSQ9FQBNR",
    "linkIdentifier": "48172942",
    "text": "VetriScience GlycoFlex 2 Joint Support Cat Supplements - 60 Chews - Hip and Joint Health Supplement with MSM, DMG and Glucosamine for Cats?",
    "href": "/ip/VetriScience-GlycoFlex-2-Joint-Support-Cat-Supplements-60-Chews-Hip-and-Joint-Health-Supplement-with-MSM-DMG-and-Glucosamine-for-Cats/48172942?classType=VARIANT",
    "currentPrice": "current price $15.00",
    "pricePerOz": "25.0 ¢/ea",
    "pickup": "Free shipping, arrives in 3+ days",
    "delivery": "N/A",
    "shipping": "N/A"
  },
  {
    "ioId": "72DYI9YELNK9",
    "linkIdentifier": "9611302865",
    "text": "Hartz Delectables Non-Seafood Bisque MMF7Lickable We Cat Treats for Adults & Senior Cats, Chicken (Pack of 12)",
    "href": "/ip/Hartz-Delectables-Non-Seafood-Bisque-MMF7-nbsp-Lickable-We-Cat-Treats-for-Adults-Senior-Cats-Chicken-Pack-of-12/9611302865?classType=REGULAR",
    "currentPrice": "current price Now $12.94",
    "pricePerOz": "$19.30",
    "pickup": "Shipping, arrives in 3+ days",
    "delivery": "N/A",
    "shipping": "N/A"
  },
  {
    "ioId": "1FVB6F7Y09KM",
    "linkIdentifier": "2654698984",
    "text": "PureBites Minnow Freeze Dried Cat Treats, 1 Ingredient, Made In USA, 2.3oz",
    "href": "/ip/Pure-Treats-2-3-oz-Purebites-Freeze-Dried-Cat-Treats/2654698984?classType=VARIANT",
    "currentPrice": "current price $16.30",
    "pricePerOz": "N/A",
    "pickup": "Free shipping, arrives in 3+ days",
    "delivery": "N/A",
    "shipping": "N/A"
  },
  {
    "ioId": "0RZINANFQK94",
    "linkIdentifier": "5708318607",
    "text": "BestLife4Pets Pet Relax Cat Calming Anxiety Relief - Natural Supplement for Stress Relief, 400 Pills",
    "href": "/ip/BestLife4Pets-Pet-Relax-Cats-Natural-Anxiety-Stress-Relief-Calming-Aid-Travel-400-Pills-Long-Lasting-Non-Invasive-Wellness-Comfort-Odorless-Tasteless/5708318607?classType=REGULAR",
    "currentPrice": "current price $28.95",
    "pricePerOz": "N/A",
    "pickup": "Shipping, arrives in 2 days",
    "delivery": "N/A",
    "shipping": "N/A"
  },
  {
    "ioId": "5G2XMVUAS8BC",
    "linkIdentifier": "34202492",
    "text": "Greenies Feline Adult Cat Dental Treats Catnip, 1ea/2.1 oz",
    "href": "/ip/Greenies-Feline-Adult-Cat-Dental-Treats-Catnip-1ea-2-1-oz/34202492?classType=VARIANT",
    "currentPrice": "current price $7.21",
    "pricePerOz": "$2.88/oz",
    "pickup": "Free shipping, arrives in 3+ days",
    "delivery": "N/A",
    "shipping": "N/A"
  },
  {
    "ioId": "70TOKQMLFB2F",
    "linkIdentifier": "25176547",
    "text": "KONG Naturals Premium Catnip, 2 Oz",
    "href": "/ip/KONG-Naturals-Premium-Catnip-2-Oz/25176547?classType=REGULAR",
    "currentPrice": "current price $18.99",
    "pricePerOz": "N/A",
    "pickup": "Free shipping, arrives in 3+ days",
    "delivery": "N/A",
    "shipping": "N/A"
  },
  {
    "ioId": "4Z1POU5MIX61",
    "linkIdentifier": "222813373",
    "text": "Life Essentials Freeze Dried Chicken Littles Cat & Dog Treats, 5 oz. bag",
    "href": "/ip/Life-Essentials-Freeze-Dried-Chicken-Littles-Cat-Dog-Treats-5-oz-bag/222813373?classType=undefined",
    "currentPrice": "N/A",
    "pricePerOz": "N/A",
    "pickup": "N/A",
    "delivery": "N/A",
    "shipping": "N/A"
  },
  {
    "ioId": "4NLEEO9A941C",
    "linkIdentifier": "2856765730",
    "text": "Vital Essentials Freeze Dried Raw Cat Treats, Chicken Hearts Treats for Cats, 1 oz",
    "href": "/ip/Freeze-Dried-Chicken-Hearts-Cat-Treats/2856765730?classType=VARIANT",
    "currentPrice": "current price $6.99",
    "pricePerOz": "+$5.99 shipping",
    "pickup": "Shipping, arrives in 3+ days",
    "delivery": "N/A",
    "shipping": "N/A"
  },
  {
    "ioId": "6O7HEEOECBU1",
    "linkIdentifier": "7763304397",
    "text": "Hartz Delectables Chowder Lickable Wet Cat Treats for Kitten, Adult & Senior Cats, Chicken & Tuna, 1.4 Ounce (Pack of 12) KK21 KK21",
    "href": "/ip/Hartz-Delectables-Chowder-Lickable-Wet-Cat-Treats-for-Kitten-Adult-Senior-Cats-Chicken-Tuna-1-4-Ounce-Pack-of-12-KK21-KK21/7763304397?classType=REGULAR",
    "currentPrice": "N/A",
    "pricePerOz": "N/A",
    "pickup": "Free shipping, arrives in 2 days",
    "delivery": "N/A",
    "shipping": "N/A"
  },
  {
    "ioId": "3U4ZLITPRJQG",
    "linkIdentifier": "10218617926",
    "text": "Hartz Delectables Stew Senior Cat Treat Variety Pack, 12 Count SHC70",
    "href": "/ip/Hartz-Delectables-Stew-Senior-Cat-Treat-Variety-Pack-12-Count-SHC70/10218617926?classType=REGULAR",
    "currentPrice": "current price $12.94",
    "pricePerOz": "+$10.00 shipping",
    "pickup": "Shipping, arrives in 3+ days",
    "delivery": "N/A",
    "shipping": "N/A"
  },
  {
    "ioId": "3XL65YHZC1JA",
    "linkIdentifier": "1552428027",
    "text": "Vital Essentials Freeze Dried Raw Cat Treats, Ahi Tuna Treats for Cats, 1.1 oz",
    "href": "/ip/Freeze-Dried-Ahi-Tuna-Bites-Cat-Treats/1552428027?classType=VARIANT",
    "currentPrice": "current price $6.99",
    "pricePerOz": "+$5.99 shipping",
    "pickup": "Shipping, arrives in 3+ days",
    "delivery": "N/A",
    "shipping": "N/A"
  },
  {
    "ioId": "2O8A2609X2Y3",
    "linkIdentifier": "2174028980",
    "text": "Hartz Delectables Stew Lickable Wet Cat Treat - Tuna & Salmon, 1.4oz",
    "href": "/ip/Hartz-Delectables-Stew-Lickable-Wet-Cat-Treat-Tuna-Salmon-1-4oz/2174028980?classType=VARIANT",
    "currentPrice": "current price $13.38",
    "pricePerOz": "$9.56/oz",
    "pickup": "Free shipping, arrives in 3+ days",
    "delivery": "N/A",
    "shipping": "N/A"
  },
  {
    "ioId": "5CZGCWBCE4C9",
    "linkIdentifier": "447958114",
    "text": "Wellness Kittles Natural Grain Free Cat Treats, Tuna & Cranberries, 6-Ounce Bag",
    "href": "/ip/Wellness-Kittles-Natural-Grain-Free-Cat-Treats-Tuna-Cranberries-6-Ounce-Bag/447958114?classType=VARIANT",
    "currentPrice": "current price $7.10",
    "pricePerOz": "$1.17/oz",
    "pickup": "Free shipping, arrives in 3+ days",
    "delivery": "N/A",
    "shipping": "N/A"
  },
  {
    "ioId": "2A9MWN4DDZM1",
    "linkIdentifier": "1574373098",
    "text": "Purina Friskies Party Mix Cat Treats, Lobster Mac n Cheese Flavors, Crunchy Texture Helps Keep Cat Teeth Clean, 2.1-Ounce Resealable Pouch (Pack of 3)",
    "href": "/ip/Purina-Friskies-Party-Mix-Cat-Treats-Lobster-Mac-n-Cheese-Flavors-Crunchy-Texture-Helps-Keep-Teeth-Clean-2-1-Ounce-Resealable-Pouch-Pack-3/1574373098?classType=VARIANT",
    "currentPrice": "current price $13.49",
    "pricePerOz": "N/A",
    "pickup": "Free shipping, arrives in 3+ days",
    "delivery": "N/A",
    "shipping": "N/A"
  },
  {
    "ioId": "4R0K6WKP6N36",
    "linkIdentifier": "612923248",
    "text": "INABA Churu Creamy, Lickable Purée Cat Treat with Taurine, 0.5 oz, 24 Tubes, Tuna with Chicken",
    "href": "/ip/INABA-Churu-Creamy-Lickable-Pur-e-Cat-Treat-with-Taurine-0-5-oz-24-Tubes-Tuna-with-Chicken/612923248?classType=VARIANT",
    "currentPrice": "current price $17.95",
    "pricePerOz": "$35.90/fl oz",
    "pickup": "Free shipping, arrives in 3+ days",
    "delivery": "N/A",
    "shipping": "N/A"
  },
  {
    "ioId": "1OWQJXXVSY6E",
    "linkIdentifier": "328224164",
    "text": "29.25 oz (3 x 9.75 oz) Greenies Feline Natural Dental Treats Oven Roasted Chicken Flavor",
    "href": "/ip/29-25-oz-3-x-9-75-oz-Greenies-Feline-Natural-Dental-Treats-Oven-Roasted-Chicken-Flavor/328224164?classType=REGULAR",
    "currentPrice": "current price Now $50.00",
    "pricePerOz": "$77.99",
    "pickup": "Free shipping, arrives in 3+ days",
    "delivery": "N/A",
    "shipping": "N/A"
  },
  {
    "ioId": "5TWJFAFNAA0W",
    "linkIdentifier": "3691927948",
    "text": "INABA Churu Cat Treats, Grain-Free, Lickable, Squeezable Creamy Pure Cat Treat with Taurine & Vitamin E, 0.5 Ounces Each Tube, 50 Tubes Total",
    "href": "/ip/INABA-Churu-Cat-Treats-Grain-Free-Lickable-Squeezable-Creamy-Pure-Cat-Treat-with-Taurine-Vitamin-E-0-5-Ounces-Each-Tube-50-Tubes-Total/3691927948?classType=REGULAR",
    "currentPrice": "current price $45.99",
    "pricePerOz": "N/A",
    "pickup": "Free shipping, arrives in 3+ days",
    "delivery": "N/A",
    "shipping": "N/A"
  },
  {
    "ioId": "6S4JXV9Z5NJX",
    "linkIdentifier": "559311963",
    "text": "Cat-Man-Doo Freeze-Dried Salmon Flavor Freeze-Dried Treat Chew for Cat & Dog, 5 oz.",
    "href": "/ip/Cat-Man-Doo-Freeze-Dried-Salmon-Flavor-Freeze-Dried-Treat-Chew-for-Cat-Dog-5-oz/559311963?classType=VARIANT",
    "currentPrice": "current price $24.99",
    "pricePerOz": "$5.00/oz",
    "pickup": "Shipping, arrives in 2 days",
    "delivery": "N/A",
    "shipping": "N/A"
  },
  {
    "ioId": "1IMC65FBG32R",
    "linkIdentifier": "1327110208",
    "text": "Purina DentaLife Made in USA Facilities Cat Dental Treats, Tasty Chicken Flavor - 19 oz. Pouch",
    "href": "/ip/Purina-DentaLife-Made-in-USA-Facilities-Cat-Dental-Treats-Tasty-Chicken-Flavor-19-oz-Pouch/1327110208?classType=REGULAR",
    "currentPrice": "N/A",
    "pricePerOz": "N/A",
    "pickup": "Free shipping, arrives in 3+ days",
    "delivery": "N/A",
    "shipping": "N/A"
  },
  {
    "ioId": "2XWS6KS8KVC9",
    "linkIdentifier": "6916103984",
    "text": "10-100x Cat Grass Sticks Pet Snacks Cat Food for Cats of All Ages Teeth Clean- K4C1",
    "href": "/ip/10-100x-Cat-Grass-Sticks-Pet-Snacks-Cat-Food-for-Cats-of-All-Ages-Teeth-Clean-K4C1/6916103984?classType=VARIANT",
    "currentPrice": "current price $6.53",
    "pricePerOz": "N/A",
    "pickup": "Free shipping, arrives in 3+ days",
    "delivery": "N/A",
    "shipping": "N/A"
  },
  {
    "ioId": "3H8BZFJUXDR5",
    "linkIdentifier": "2298961323",
    "text": "Vital Essentials Freeze Dried Raw Cat Treats, Salmon Treats for Cats, 1.1 oz",
    "href": "/ip/Freeze-Dried-Salmon-Bites-Cat-Treats/2298961323?classType=VARIANT",
    "currentPrice": "current price $6.99",
    "pricePerOz": "+$5.99 shipping",
    "pickup": "Shipping, arrives in 3+ days",
    "delivery": "N/A",
    "shipping": "N/A"
  },
  {
    "ioId": "4XMH8A59HYIF",
    "linkIdentifier": "10039818408",
    "text": "Delectables Squeeze Up Non-Seafood Variety Pack Lickable Cat Treat, 20 Count (Pack of 1)",
    "href": "/ip/Delectables-Squeeze-Up-Non-Seafood-Variety-Pack-Lickable-Cat-Treat-20-Count-Pack-of-1/10039818408?classType=REGULAR",
    "currentPrice": "current price $11.99",
    "pricePerOz": "+$10.00 shipping",
    "pickup": "Shipping, arrives in 3+ days",
    "delivery": "N/A",
    "shipping": "N/A"
  },
  {
    "ioId": "2YFWDUH3GTZ5",
    "linkIdentifier": "48205754",
    "text": "VetriScience GlycoFlex 3, Advanced Strength Hip and Joint Care, Cats, Chicken Liver, 60 Count Bag",
    "href": "/ip/VetriScience-GlycoFlex-Stage-3-Advanced-Strength-Hip-and-Joint-Care-Cats-Chicken-Liver-60-Chews/48205754?classType=REGULAR",
    "currentPrice": "current price $25.99",
    "pricePerOz": "43.3 ¢/ea",
    "pickup": "Free shipping, arrives in 3+ days",
    "delivery": "N/A",
    "shipping": "N/A"
  },
  {
    "ioId": "3G1QKS7OFMNK",
    "linkIdentifier": "3291387187",
    "text": "Blue Buffalo Bursts Crunchy Cat Treats, Chicken 5-oz Bag Chicken 5 Ounce (Pack of 1)",
    "href": "/ip/Blue-Buffalo-Bursts-Crunchy-Cat-Treats-Chicken-5-oz-Bag-Chicken-5-Ounce-Pack-of-1/3291387187?classType=REGULAR",
    "currentPrice": "current price $5.55",
    "pricePerOz": "N/A",
    "pickup": "Free shipping, arrives in 3+ days",
    "delivery": "N/A",
    "shipping": "N/A"
  },
  {
    "ioId": "2NUHTTHOUAE0",
    "linkIdentifier": "104494308",
    "text": "Frontier Co-op Organic Catnip, 1-Pound Bulk, Loved By Cats & Gardeners, Popular Tea Blend, Organic, Kosher Catnip (Organic) 16 Fl Oz (Pack of 1)",
    "href": "/ip/Frontier-Natural-Products-Organic-Catnip-Leaf-Flower-Cut-Sifted-16-Oz/104494308?classType=REGULAR",
    "currentPrice": "current price $24.53",
    "pricePerOz": "N/A",
    "pickup": "Free shipping, arrives in 3+ days",
    "delivery": "N/A",
    "shipping": "N/A"
  },
  {
    "ioId": "3K2484PY6YTH",
    "linkIdentifier": "1151130662",
    "text": "Purina Friskies Party Mix Cat Treats, Gravylicious Crunch with Turkey & Gravy Flavors, Cat Treats for Adult Cats, 2.1-Ounce Resealable Pouch (Pack of 3)",
    "href": "/ip/Purina-Friskies-Party-Mix-Cat-Treats-Gravylicious-Crunch-Turkey-Gravy-Flavors-Treats-Adult-Cats-2-1-Ounce-Resealable-Pouch-Pack-3/1151130662?classType=VARIANT",
    "currentPrice": "current price $17.73",
    "pricePerOz": "N/A",
    "pickup": "Free shipping, arrives in 3+ days",
    "delivery": "N/A",
    "shipping": "N/A"
  },
  {
    "ioId": "0RUVOALD6X7F",
    "linkIdentifier": "878583725",
    "text": "Friskies Cat Treat Party Mix Love Pack 2.1 oz (Original Crunch (Chicken, Liver & Turkey), Wild West (Beef, Liver & Cheddar),Picnic (Chicken, Turkey & Cheddar Flavors) )",
    "href": "/ip/Friskies-Cat-Treat-Party-Mix-Love-Pack-2-1-oz-Original-Crunch-Chicken-Liver-Turkey-Wild-West-Beef-Cheddar-Picnic-Turkey-Cheddar-Flavors/878583725?classType=VARIANT",
    "currentPrice": "current price $14.84",
    "pricePerOz": "N/A",
    "pickup": "Shipping, arrives in 2 days",
    "delivery": "N/A",
    "shipping": "N/A"
  },
  {
    "ioId": "54L13Q8BNACO",
    "linkIdentifier": "5149940234",
    "text": "Get Naked Urinary Health Crunchy Treats For Cats, Cranberries, (1 Pouch), 2.5 Oz",
    "href": "/ip/Get-Naked-Urinary-Health-Crunchy-Treats-For-Cats-Cranberries-1-Pouch-2-5-Oz/5149940234?classType=REGULAR",
    "currentPrice": "N/A",
    "pricePerOz": "N/A",
    "pickup": "Free shipping, arrives in 2 days",
    "delivery": "N/A",
    "shipping": "N/A"
  },
  {
    "ioId": "43E9F4IEYRH5",
    "linkIdentifier": "1038628128",
    "text": "Purina Friskies Party Mix Cat Treats, Gravy-Licious Crunch, Chicken & Gravy Flavors, Dry Cat Treats, Helps Clean Teeth, 2.1-Ounce Resealable Pouch, (Pack of 6)",
    "href": "/ip/Purina-Friskies-Party-Mix-Cat-Treats-Gravy-Licious-Crunch-Chicken-Gravy-Flavors-Dry-Helps-Clean-Teeth-2-1-Ounce-Resealable-Pouch-Pack-6/1038628128?classType=VARIANT",
    "currentPrice": "current price $18.98",
    "pricePerOz": "N/A",
    "pickup": "Free shipping, arrives in 3+ days",
    "delivery": "N/A",
    "shipping": "N/A"
  },
  {
    "ioId": "7J8GV6RAM1AE",
    "linkIdentifier": "392347351",
    "text": "TopDawg 39209 Lick N lap Tube Cat Chicken Treat - Pack of 5",
    "href": "/ip/Vitakraft-Lick-N-Lap-Snack-Chicken-Cat-Treat/392347351?classType=VARIANT",
    "currentPrice": "current price Now $13.35",
    "pricePerOz": "$20.00",
    "pickup": "Free shipping, arrives in 3+ days",
    "delivery": "N/A",
    "shipping": "N/A"
  },
  {
    "ioId": "5XZZ0BWXJQTL",
    "linkIdentifier": "414090474",
    "text": "Temptations Mixups Crunchy And Soft Cat Treats Tasty Human, Chicken, Liver & Beef Flavors, 3 Oz Pouch",
    "href": "/ip/Temptations-Mixups-Crunchy-And-Soft-Cat-Treats-Tasty-Human-Chicken-Liver-Beef-Flavors-3-Oz-Pouch/414090474?classType=VARIANT",
    "currentPrice": "current price $9.88",
    "pricePerOz": "$3.29/oz",
    "pickup": "Shipping, arrives in 2 days",
    "delivery": "N/A",
    "shipping": "N/A"
  },
  {
    "ioId": "5CFW26C0N393",
    "linkIdentifier": "3625240451",
    "text": "Hartz Delectables Savory Broths Lickable Flavor:Broth Assorted Pack of 12",
    "href": "/ip/Hartz-Delectables-Savory-Broths-Lickable-Flavor-Broth-Assorted-Pack-of-12/3625240451?classType=VARIANT",
    "currentPrice": "current price $25.99",
    "pricePerOz": "N/A",
    "pickup": "Free shipping, arrives in 3+ days",
    "delivery": "N/A",
    "shipping": "N/A"
  },
  {
    "ioId": "4B9LQTNAN0SL",
    "linkIdentifier": "1919525026",
    "text": "Chef Kitty Freeze Dried Cat and Dog Treats Wild Caught Salmon - 1.75oz",
    "href": "/ip/Chef-Kitty-Freeze-Dried-Cat-and-Dog-Treats-Wild-Caught-Salmon-1-75oz/1919525026?classType=VARIANT",
    "currentPrice": "current price $14.95",
    "pricePerOz": "N/A",
    "pickup": "Free shipping, arrives in 3+ days",
    "delivery": "N/A",
    "shipping": "N/A"
  },
  {
    "ioId": "2C16ZPNNGT61",
    "linkIdentifier": "8356512848",
    "text": "Hartz Delectables Squeeze Up Interactive Lickable Wet Cat Treats for Adult & Senior Cats, Chicken & Tuna, 10 Count,5 oz",
    "href": "/ip/Hartz-Delectables-Squeeze-Up-Interactive-Lickable-Wet-Cat-Treats-for-Adult-Senior-Cats-Chicken-Tuna-10-Count-5-oz/8356512848?classType=REGULAR",
    "currentPrice": "current price Now $7.00",
    "pricePerOz": "$9.80",
    "pickup": "Shipping, arrives in 3+ days",
    "delivery": "N/A",
    "shipping": "N/A"
  },
  {
    "ioId": "1CNJ9Q52U717",
    "linkIdentifier": "1007404710",
    "text": "YUEHAO Cat Snacks Chew Catnip Stick Teeth Molar Cleaning Brush Toy For Pet 24Pcs Cat Treats Chewing Multicolor",
    "href": "/ip/YUEHAO-Cat-Snacks-Chew-Catnip-Stick-Teeth-Molar-Cleaning-Brush-Toy-For-Pet-24Pcs-Cat-Treats-Chewing-Multicolor/1007404710?classType=VARIANT&athbdg=L1400",
    "currentPrice": "current price Now $2.48",
    "pricePerOz": "$2.79",
    "pickup": "Shipping, arrives in 3+ days",
    "delivery": "N/A",
    "shipping": "N/A"
  },
  {
    "ioId": "53597T1IBGP2",
    "linkIdentifier": "9556818177",
    "text": "12 Sticks Cat Grass Teeth Grinding Stick Pet Snacks Hairball Removal Mild Hair Row Ready To Eat Baby Cat Teeth Cleaning Stick",
    "href": "/ip/12-Sticks-Cat-Grass-Teeth-Grinding-Stick-Pet-Snacks-Hairball-Removal-Mild-Hair-Row-Ready-To-Eat-Baby-Cat-Teeth-Cleaning-Stick/9556818177?classType=VARIANT",
    "currentPrice": "current price $6.00",
    "pricePerOz": "+$1.26 shipping",
    "pickup": "Shipping, arrives in 3+ days",
    "delivery": "N/A",
    "shipping": "N/A"
  },
  {
    "ioId": "1F0WEA8OI581",
    "linkIdentifier": "10517574424",
    "text": "Cat Treats, Lickable, Squeezable Creamy Puree Cat Treat, 0.5 Ounces Each Tube, Chicken Flavor, 27 Tubes.",
    "href": "/ip/Cat-Treats-Lickable-Squeezable-Creamy-Puree-Cat-Treat-0-5-Ounces-Each-Tube-Chicken-Flavor-27-Tubes/10517574424?classType=VARIANT",
    "currentPrice": "current price $11.99",
    "pricePerOz": "N/A",
    "pickup": "Free shipping, arrives in 3+ days",
    "delivery": "N/A",
    "shipping": "N/A"
  },
  {
    "ioId": "6AY36WXXOF49",
    "linkIdentifier": "5304305115",
    "text": "Greenies Feline Natural Dental Treats Oven Roasted Chicken Flavor 9.75 oz",
    "href": "/ip/Greenies-Feline-Natural-Dental-Treats-Oven-Roasted-Chicken-Flavor-9-75-oz/5304305115?classType=REGULAR",
    "currentPrice": "current price Now $10.00",
    "pricePerOz": "$15.99",
    "pickup": "Shipping, arrives in 3+ days",
    "delivery": "N/A",
    "shipping": "N/A"
  },
  {
    "ioId": "14PXFBB72H2K",
    "linkIdentifier": "9603803606",
    "text": "Hartz Delectables Squeeze Up OIF8Interactive Lickable Wet Cat Treats for Adult & Senior Cats, Tuna & Shrimp, 24 Count, 12 ounces",
    "href": "/ip/Hartz-Delectables-Squeeze-Up-OIF8-nbsp-Interactive-Lickable-Wet-Cat-Treats-for-Adult-Senior-Cats-Tuna-Shrimp-24-Count-12-ounces/9603803606?classType=REGULAR",
    "currentPrice": "N/A",
    "pricePerOz": "N/A",
    "pickup": "Free shipping, arrives in 3+ days",
    "delivery": "N/A",
    "shipping": "N/A"
  },
  {
    "ioId": "1J2DHC6IGAKI",
    "linkIdentifier": "11081865806",
    "text": "Temptations Mixups Catnip Fever Flavor Crunchy And Soft Dry Cat Treats, 6.3 Oz Pouch",
    "href": "/ip/Temptations-Mixups-Catnip-Fever-Flavor-Crunchy-And-Soft-Dry-Cat-Treats-6-3-Oz-Pouch/11081865806?classType=REGULAR",
    "currentPrice": "current price $7.00",
    "pricePerOz": "$2.33/lb",
    "pickup": "Free shipping, arrives in 3+ days",
    "delivery": "N/A",
    "shipping": "N/A"
  },
  {
    "ioId": "3RR70M1EVI2B",
    "linkIdentifier": "1701447220",
    "text": "Purina Friskies Party Mix Cat Treats, Chicken Lovers Crunch, Made with Real Chicken, Complete & Balanced Cat Treats, 20-Ounce Canister (Pack of 2 Canisters)",
    "href": "/ip/Purina-Friskies-Party-Mix-Cat-Treats-Chicken-Lovers-Crunch-Made-Real-Chicken-Complete-Balanced-20-Ounce-Canister-Pack-2-Canisters/1701447220?classType=VARIANT",
    "currentPrice": "current price $28.38",
    "pricePerOz": "N/A",
    "pickup": "Free shipping, arrives in 3+ days",
    "delivery": "N/A",
    "shipping": "N/A"
  },
  {
    "ioId": "38L6W9ALQ0F4",
    "linkIdentifier": "5307503730",
    "text": "Friskies Party Mix Gravy-Licious Crunch for Cats, 6oz Pouch - Pack of 1",
    "href": "/ip/Friskies-Party-Mix-Gravy-Licious-Crunch-for-Cats-6oz-Pouch-Pack-of-1/5307503730?classType=VARIANT",
    "currentPrice": "current price $11.89",
    "pricePerOz": "N/A",
    "pickup": "Shipping, arrives in 2 days",
    "delivery": "N/A",
    "shipping": "N/A"
  },
  {
    "ioId": "602EWDTHADQD",
    "linkIdentifier": "1923374297",
    "text": "9 Lives Chicken and Turkey Flavored Crunchy Cat Treats, 2.1-oz. Bags Irresistible Dry Fish Shaped Bite-Sized Feline Food Gift - Pack of 2",
    "href": "/ip/9-Lives-Chicken-and-Turkey-Flavored-Crunchy-Cat-Treats-2-1-oz-Bags-Irresistible-Dry-Fish-Shaped-Bite-Sized-Feline-Food-Gift-Pack-of-2/1923374297?classType=REGULAR",
    "currentPrice": "current price $12.98",
    "pricePerOz": "N/A",
    "pickup": "Shipping, arrives in 2 days",
    "delivery": "N/A",
    "shipping": "N/A"
  },
  {
    "ioId": "2FVC10TCEOJ5",
    "linkIdentifier": "14981923504",
    "text": "MerlinsMart Zine + Friskies Lil' Gravies - 4 Flavor 8 Count Variety - (2) Each: Turkey, Salmon, Chicken, Roast Beef and Catnip Toy",
    "href": "/ip/MerlinsMart-Zine-Friskies-Lil-Gravies-Cat-Food-Topper-Pouches-4-Flavor-8-Count-Variety-2-Each-Turkey-Savory-Salmon-Roasted-Chicken-Roast-Beef-1-55-Ou/14981923504?classType=REGULAR",
    "currentPrice": "current price Now $30.36",
    "pricePerOz": "$37.95",
    "pickup": "Shipping, arrives in 2 days",
    "delivery": "N/A",
    "shipping": "N/A"
  },
  {
    "ioId": "70TOKQMLFB2F",
    "linkIdentifier": "25176547",
    "text": "KONG Naturals Premium Catnip, 2 Oz",
    "href": "/ip/KONG-Naturals-Premium-Catnip-2-Oz/25176547?classType=REGULAR",
    "currentPrice": "current price $18.99",
    "pricePerOz": "N/A",
    "pickup": "Free shipping, arrives in 3+ days",
    "delivery": "N/A",
    "shipping": "N/A"
  },
  {
    "ioId": "6IDXT4WZJ7UU",
    "linkIdentifier": "989554807",
    "text": "Hartz Delectables Lickable Savory Broth Wet Cat Treat - Chicken - 1.4oz - One Pouch",
    "href": "/ip/Hartz-Delectables-Lickable-Savory-Broth-Wet-Cat-Treat-Chicken-1-4oz-One-Pouch/989554807?classType=VARIANT",
    "currentPrice": "current price $13.38",
    "pricePerOz": "$9.56/oz",
    "pickup": "Free shipping, arrives in 3+ days",
    "delivery": "N/A",
    "shipping": "N/A"
  },
  {
    "ioId": "3C724Q7LMG6Q",
    "linkIdentifier": "3581486507",
    "text": "TEMPTATIONS Classic Crunchy and Soft Cat Treats Tasty Chicken Flavor, 30 oz. Tub (Packaging May Vary)",
    "href": "/ip/TEMPTATIONS-Classic-Crunchy-and-Soft-Cat-Treats-Tasty-Chicken-Flavor-30-oz-Tub-Packaging-May-Vary/3581486507?classType=VARIANT",
    "currentPrice": "N/A",
    "pricePerOz": "N/A",
    "pickup": "N/A",
    "delivery": "N/A",
    "shipping": "N/A"
  },
  {
    "ioId": "0S67CZLIN3UL",
    "linkIdentifier": "5153541480",
    "text": "Covetrus Nutrisential Lean Treats for Cats - Soft Cat Treats for Small, Medium, Large Cats - Nutritional Low Fat Bite Size Feline Treats - Chicken Flavor - 10 Pack - 3.5oz",
    "href": "/ip/Covetrus-Nutrisential-Lean-Treats-Cats-Soft-Cat-Small-Medium-Large-Nutritional-Low-Fat-Bite-Size-Feline-Chicken-Flavor-10-Pack-3-5oz/5153541480?classType=undefined",
    "currentPrice": "N/A",
    "pricePerOz": "N/A",
    "pickup": "N/A",
    "delivery": "N/A",
    "shipping": "N/A"
  },
  {
    "ioId": "4G7LU26HGPP1",
    "linkIdentifier": "1829606226",
    "text": "Chef Kitty Freeze Dried Cat and Dog Treats 100% Natural Chicken Liver - 1.75oz",
    "href": "/ip/Chef-Kitty-Freeze-Dried-Cat-and-Dog-Treats-100-Natural-Chicken-Liver-1-75oz/1829606226?classType=VARIANT",
    "currentPrice": "current price $12.95",
    "pricePerOz": "N/A",
    "pickup": "Free shipping, arrives in 3+ days",
    "delivery": "N/A",
    "shipping": "N/A"
  },
  {
    "ioId": "3NWYLHNCHD02",
    "linkIdentifier": "2893690524",
    "text": "Vital Essentials Freeze Dried Raw Cat Treats, Chicken Giblets Treats for Cats, 1oz",
    "href": "/ip/Freeze-Dried-Chicken-Giblets-Cat-Treats/2893690524?classType=VARIANT",
    "currentPrice": "current price $6.99",
    "pricePerOz": "+$5.99 shipping",
    "pickup": "Shipping, arrives in 3+ days",
    "delivery": "N/A",
    "shipping": "N/A"
  },
  {
    "ioId": "1P63RLQYODNH",
    "linkIdentifier": "43532099",
    "text": "Blue Buffalo Wilderness Soft Cat Treats, Chicken & Duck Recipe, 2-oz. Bag",
    "href": "/ip/Blue-Buffalo-Wilderness-Chicken-Duck-Flavor-Soft-Treats-for-Cats-Grain-Free-2-oz-Bag/43532099?classType=VARIANT",
    "currentPrice": "current price $12.32",
    "pricePerOz": "$6.16/oz",
    "pickup": "Shipping, arrives in 2 days",
    "delivery": "N/A",
    "shipping": "N/A"
  },
  {
    "ioId": "4T5IUYARMRO4",
    "linkIdentifier": "692145360",
    "text": "Whole Life Pet Just One Ingredient Salmon Treats for Cats, 2.5oz",
    "href": "/ip/Whole-Life-Pet-Just-One-Ingredient-Salmon-Treats-for-Cats-2-5oz/692145360?classType=VARIANT",
    "currentPrice": "current price $12.99",
    "pricePerOz": "+$6.99 shipping",
    "pickup": "Shipping, arrives in 3+ days",
    "delivery": "N/A",
    "shipping": "N/A"
  },
  {
    "ioId": "4BR9PNK0T3LV",
    "linkIdentifier": "115081355",
    "text": "Get Naked Soft Treats Cat DIGESTIVE HEALTH GF 2.5 Oz",
    "href": "/ip/Get-Naked-Soft-Treats-Cat-DIGESTIVE-HEALTH-GF-2-5-Oz/115081355?classType=REGULAR",
    "currentPrice": "current price $13.78",
    "pricePerOz": "$13.78/oz",
    "pickup": "Free shipping, arrives in 3+ days",
    "delivery": "N/A",
    "shipping": "N/A"
  },
  {
    "ioId": "1MRA60731XRT",
    "linkIdentifier": "5000131149",
    "text": "BONKERS Cat Bites, Crunchy & Soft Catnip, Chick 'N' Cheddar Flavored Cat Treats, 6.3oz /180g Bag",
    "href": "/ip/BONKERS-BITES-CAT-TREATS-CATNIP-CHICK-N-CHEDDAR-6-3-OZ/5000131149?classType=REGULAR",
    "currentPrice": "current price Now $7.95",
    "pricePerOz": "$10.95",
    "pickup": "Shipping, arrives in 2 days",
    "delivery": "N/A",
    "shipping": "N/A"
  },
  {
    "ioId": "5USFAFMFGKO9",
    "linkIdentifier": "10140955919",
    "text": "Reveal Pet Food Whole Mackerel Loin Wet Cat Treat, Natural Grain Free Food, 12 Ct 1.06 oz Pouches",
    "href": "/ip/Reveal-Whole-Mackerel-Loin-Cat-Treat-Natural-Grain-Free-Food-12-ct-1-06-oz-pouches/10140955919?classType=REGULAR",
    "currentPrice": "current price $29.88",
    "pricePerOz": "$2.35/oz",
    "pickup": "Shipping, arrives tomorrow",
    "delivery": "N/A",
    "shipping": "N/A"
  },
  {
    "ioId": "703QZDXDTQ00",
    "linkIdentifier": "752344534",
    "text": "Vetoquinol Zylkene Behavior Support Capsules for Dogs & Cats, 225mg, 30ct - Calming Natural Milk Protein Supplement - Help Pets Cope with Change & Noise-Related Stress - Non-Drowsy - Lactose-Free",
    "href": "/ip/Vetoquinol-Zylkene-Behavior-Support-Capsules-Dogs-Cats-225mg-30ct-Calming-Natural-Milk-Protein-Supplement-Help-Pets-Cope-Change-Noise-Related-Stress/752344534?classType=VARIANT",
    "currentPrice": "current price $56.99",
    "pricePerOz": "N/A",
    "pickup": "Free shipping, arrives in 2 days",
    "delivery": "N/A",
    "shipping": "N/A"
  },
  {
    "ioId": "40CDOZQWPFM1",
    "linkIdentifier": "7771950105",
    "text": "Hartz Delectables Non-Seafood Stew Lickable Wet Cat Treats, Chicken & Duck, 1.4 Ounce (Pack of 12) KK21 KK21",
    "href": "/ip/Hartz-Delectables-Non-Seafood-Stew-Lickable-Wet-Cat-Treats-Chicken-Duck-1-4-Ounce-Pack-of-12-KK21-KK21/7771950105?classType=REGULAR",
    "currentPrice": "N/A",
    "pricePerOz": "N/A",
    "pickup": "Free shipping, arrives in 3+ days",
    "delivery": "N/A",
    "shipping": "N/A"
  },
  {
    "ioId": "3MGLNYA96S1L",
    "linkIdentifier": "5378689895",
    "text": "Greenies Adult Natural Dental Care Cat Treats, Catnip Flavor, 9.75 oz. Tub",
    "href": "/ip/Greenies-Adult-Natural-Dental-Care-Cat-Treats-Catnip-Flavor-9-75-oz-Tub/5378689895?classType=REGULAR",
    "currentPrice": "current price Now $10.50",
    "pricePerOz": "$11.97",
    "pickup": "Shipping, arrives in 3+ days",
    "delivery": "N/A",
    "shipping": "N/A"
  },
  {
    "ioId": "6P51SIKVWIOY",
    "linkIdentifier": "13574522607",
    "text": "SHEBA Sheba Meaty Tender Sticks Salmon Flavor Dry Cat Treats, 0.7 Oz (5 Treats), (Pack of 2)",
    "href": "/ip/SHEBA-Sheba-Meaty-Tender-Sticks-Salmon-Flavor-Dry-Cat-Treats-0-7-Oz-5-Treats-Pack-of-2/13574522607?classType=REGULAR",
    "currentPrice": "current price $9.00",
    "pricePerOz": "+$5.99 shipping",
    "pickup": "Shipping, arrives in 3+ days",
    "delivery": "N/A",
    "shipping": "N/A"
  },
  {
    "ioId": "28DRSYNUAT8H",
    "linkIdentifier": "168987282",
    "text": "PureBites Salmon Freeze Dried Cat Treats, 1 Ingredient, Made In USA, 2oz",
    "href": "/ip/PureBites-Freeze-Dried-Pure-Cat-Treats-Wild-Caught-Salmon-2-oz/168987282?classType=REGULAR",
    "currentPrice": "current price $12.49",
    "pricePerOz": "N/A",
    "pickup": "Shipping, arrives in 2 days",
    "delivery": "N/A",
    "shipping": "N/A"
  },
  {
    "ioId": "6DF5AHE8NS2R",
    "linkIdentifier": "10283966024",
    "text": "Temptations Classic Rockin' Lobster Flavor Crunchy And Soft Dry Cat Treats, 6.3 Oz Pouch",
    "href": "/ip/Temptations-Classic-Rockin-Lobster-Flavor-Crunchy-And-Soft-Dry-Cat-Treats-6-3-Oz-Pouch/10283966024?classType=REGULAR",
    "currentPrice": "current price Now $5.97",
    "pricePerOz": "$8.21",
    "pickup": "Shipping, arrives in 3+ days",
    "delivery": "N/A",
    "shipping": "N/A"
  },
  {
    "ioId": "3Z9LNECV8X2U",
    "linkIdentifier": "5325206034",
    "text": "Feastfuls Freeze Dried Chicken Breast Cat Treats (1.5oz) - 100% Chicken, Only 1 Ingredient, Made in USA",
    "href": "/ip/Feastfuls-Freeze-Dried-Chicken-Breast-Cat-Treats-1-5oz-100-Chicken-Only-1-Ingredient-Made-in-USA/5325206034?classType=REGULAR",
    "currentPrice": "current price $9.97",
    "pricePerOz": "N/A",
    "pickup": "Shipping, arrives in 2 days",
    "delivery": "N/A",
    "shipping": "N/A"
  },
  {
    "ioId": "3MN14A9QSD0P",
    "linkIdentifier": "1214550142",
    "text": "Freeze-Dried Duck Liver Cat Treats",
    "href": "/ip/Freeze-Dried-Duck-Liver-Cat-Treats/1214550142?classType=VARIANT",
    "currentPrice": "current price $11.95",
    "pricePerOz": "N/A",
    "pickup": "Free shipping, arrives in 3+ days",
    "delivery": "N/A",
    "shipping": "N/A"
  },
  {
    "ioId": "7BP01LNVV3C2",
    "linkIdentifier": "3538492885",
    "text": "Greenies Pill Pockets Chicken Flavor Cat Treats [Cat, Cat Treats] 1.6 oz",
    "href": "/ip/Greenies-Pill-Pockets-Chicken-Flavor-Cat-Treats-Cat-Cat-Treats-1-6-oz/3538492885?classType=REGULAR",
    "currentPrice": "current price $13.80",
    "pricePerOz": "N/A",
    "pickup": "Free shipping, arrives in 2 days",
    "delivery": "N/A",
    "shipping": "N/A"
  },
  {
    "ioId": "1VEAIYVHVWNV",
    "linkIdentifier": "2149716794",
    "text": "Whole Life Pet Living Treats – Healthy Gut Probiotic Snack For Cat, 1.5oz",
    "href": "/ip/Whole-Life-Pet-Living-Treats-Healthy-Gut-Probiotic-Snack-For-Cat-1-5oz/2149716794?classType=VARIANT",
    "currentPrice": "current price $7.30",
    "pricePerOz": "N/A",
    "pickup": "Free shipping, arrives in 3+ days",
    "delivery": "N/A",
    "shipping": "N/A"
  },
  {
    "ioId": "67RBK7T2S274",
    "linkIdentifier": "443764569",
    "text": "Petite Cuisine Lickables Wet Cat Treats, Tuna in Creamy Gravy, 2 oz. Pouch (12 Count)",
    "href": "/ip/Petite-Cuisine-Tuna-Pumpkin-Flavor-Topper-for-Cats-24-oz-12-Count/443764569?classType=REGULAR",
    "currentPrice": "current price $41.88",
    "pricePerOz": "$1.75/oz",
    "pickup": "Free shipping, arrives tomorrow",
    "delivery": "N/A",
    "shipping": "N/A"
  },
  {
    "ioId": "179WCW3CQFEW",
    "linkIdentifier": "600081844",
    "text": "Fruitables Wildly Natural 2.5 Ounce Grain Free Chicken Treat for Cats Pack of 3",
    "href": "/ip/Fruitables-Wildly-Natural-2-5-Ounce-Grain-Free-Chicken-Treat-for-Cats-Pack-of-3/600081844?classType=REGULAR",
    "currentPrice": "current price $13.29",
    "pricePerOz": "N/A",
    "pickup": "Free shipping, arrives in 3+ days",
    "delivery": "N/A",
    "shipping": "N/A"
  },
  {
    "ioId": "5D4Q44QDQQLC",
    "linkIdentifier": "1701837756",
    "text": "Purina Friskies Party Mix Cat Treats, Picnic Crunch with Chicken & Flavors of Turkey & Cheddar, Cat Treats for Adult Cats, 2.1-Ounce Pouch (Pack of 3)",
    "href": "/ip/Purina-Friskies-Party-Mix-Cat-Treats-Picnic-Crunch-Chicken-Flavors-Turkey-Cheddar-Treats-Adult-Cats-2-1-Ounce-Pouch-Pack-3/1701837756?classType=VARIANT",
    "currentPrice": "current price $13.69",
    "pricePerOz": "N/A",
    "pickup": "Free shipping, arrives in 3+ days",
    "delivery": "N/A",
    "shipping": "N/A"
  },
  {
    "ioId": "5SR1HIEOAQME",
    "linkIdentifier": "1202109330",
    "text": "Purina Friskies Party Mix Natural Yums Cat Treats, Made with Real Salmon with Added Vitamins, Minerals & Nutrients, For Adult Cats, 2.1 OZ Pouch (Pack of 3)",
    "href": "/ip/Purina-Friskies-Party-Mix-Natural-Yums-Cat-Treats-Made-Real-Salmon-Added-Vitamins-Minerals-Nutrients-For-Adult-Cats-2-1-OZ-Pouch-Pack-3/1202109330?classType=VARIANT",
    "currentPrice": "current price Now $13.43",
    "pricePerOz": "$14.93",
    "pickup": "Free shipping, arrives in 3+ days",
    "delivery": "N/A",
    "shipping": "N/A"
  },
  {
    "ioId": "37OWE54W7ZY9",
    "linkIdentifier": "10896214186",
    "text": "Sheba Meaty Tender Sticks With Chicken Cat Treats, 0.7 Oz (5 Treats) (Pack of 6)",
    "href": "/ip/Sheba-Meaty-Tender-Sticks-With-Chicken-Cat-Treats-0-7-Oz-5-Treats-Pack-of-6/10896214186?classType=VARIANT",
    "currentPrice": "current price $27.31",
    "pricePerOz": "+$9.89 shipping",
    "pickup": "Shipping, arrives in 3+ days",
    "delivery": "N/A",
    "shipping": "N/A"
  },
  {
    "ioId": "6GTSSMMHJ5S1",
    "linkIdentifier": "173509533",
    "text": "Blue Buffalo Wilderness Crunchy Cat Treats, Tasty Salmon Flavor, 2-oz. Bag",
    "href": "/ip/Blue-Buffalo-Wilderness-Salmon-Flavor-Crunchy-Treats-for-Cats-Grain-Free-2-oz-Bag/173509533?classType=REGULAR",
    "currentPrice": "current price $11.36",
    "pricePerOz": "$5.68/oz",
    "pickup": "Free shipping, arrives in 3+ days",
    "delivery": "N/A",
    "shipping": "N/A"
  },
  {
    "ioId": "4F8P5S4PUCQG",
    "linkIdentifier": "10381710668",
    "text": "Bonkers Freeze Dried Lip Smackin' Salmon Lollipop Purr Pops Cat Treats (Pack of 4)",
    "href": "/ip/Bonkers-Freeze-Dried-Lip-Smackin-Salmon-Lollipop-Purr-Pops-Cat-Treats-Pack-of-4/10381710668?classType=REGULAR",
    "currentPrice": "current price $24.50",
    "pricePerOz": "N/A",
    "pickup": "Free shipping, arrives in 3+ days",
    "delivery": "N/A",
    "shipping": "N/A"
  },
  {
    "ioId": "2WJPCGEIM8SD",
    "linkIdentifier": "8470015924",
    "text": "Cat Grass Stick, Freeze-dried Cat Snacks, Cat-Oral Treats Cleaning K1P4",
    "href": "/ip/Cat-Grass-Stick-Freeze-dried-Cat-Snacks-Cat-Oral-Treats-Cleaning-K1P4/8470015924?classType=VARIANT",
    "currentPrice": "current price $30.56",
    "pricePerOz": "+$0.99 shipping",
    "pickup": "Shipping, arrives in 3+ days",
    "delivery": "N/A",
    "shipping": "N/A"
  },
  {
    "ioId": "2G87QK90JIOJ",
    "linkIdentifier": "1094343033",
    "text": "Purina Friskies Party Mix Cat Treats, Wild West Crunch, Made with Beef, Liver & Cheddar Flavors, Helps Keep Teeth Clean, Adult Cat Treats, 2.1 OZ Pouch (Pack of 3)",
    "href": "/ip/Purina-Friskies-Party-Mix-Cat-Treats-Wild-West-Crunch-Made-Beef-Liver-Cheddar-Flavors-Helps-Keep-Teeth-Clean-Adult-2-1-OZ-Pouch-Pack-3/1094343033?classType=VARIANT",
    "currentPrice": "current price $13.30",
    "pricePerOz": "N/A",
    "pickup": "Free shipping, arrives in 3+ days",
    "delivery": "N/A",
    "shipping": "N/A"
  },
  {
    "ioId": "6OJINRB500EA",
    "linkIdentifier": "8743362169",
    "text": "Rachael Ray Cat Treats Variety Pack of 3 Treat Flavors Love Bites Salmon, Wheelies Chicken, Soft Spots Salmon with Lint Roller for Pet Hair Bundle by Cleverlane Market",
    "href": "/ip/Rachael-Ray-Cat-Treats-Variety-Pack-3-Treat-Flavors-Love-Bites-Salmon-Wheelies-Chicken-Soft-Spots-Salmon-Lint-Roller-Pet-Hair-Bundle-Cleverlane-Marke/8743362169?classType=REGULAR",
    "currentPrice": "current price $14.48",
    "pricePerOz": "$3.62/count",
    "pickup": "Shipping, arrives in 2 days",
    "delivery": "N/A",
    "shipping": "N/A"
  },
  {
    "ioId": "4NYCADBURVDL",
    "linkIdentifier": "10336858616",
    "text": "Bonkers Freeze Dried Tip Top Tuna Lollipop Purr Pops Cat Treats (Pack of 4)",
    "href": "/ip/Bonkers-Freeze-Dried-Tip-Top-Tuna-Lollipop-Purr-Pops-Cat-Treats-Pack-of-4/10336858616?classType=REGULAR",
    "currentPrice": "current price $24.50",
    "pricePerOz": "N/A",
    "pickup": "Free shipping, arrives in 3+ days",
    "delivery": "N/A",
    "shipping": "N/A"
  },
  {
    "ioId": "77IZMZMP9P6W",
    "linkIdentifier": "7041565200",
    "text": "Vitakraft Meaty Morsels Chicken Stuffed Bites [Cat Soft Treats, New Cat Supplies, Vitakraft, Cat Supplies] 1.4 oz",
    "href": "/ip/Vitakraft-Meaty-Morsels-Chicken-Stuffed-Bites-Cat-Soft-Treats-New-Cat-Supplies-Vitakraft-Cat-Supplies-1-4-oz/7041565200?classType=REGULAR",
    "currentPrice": "current price $19.31",
    "pricePerOz": "N/A",
    "pickup": "Free shipping, arrives in 3+ days",
    "delivery": "N/A",
    "shipping": "N/A"
  },
  {
    "ioId": "546OJA4SYRHI",
    "linkIdentifier": "1296681547",
    "text": "Bach RESCUE REMEDY PET Cat Dropper 10mL, Natural Calming Drops for Cats & Kittens",
    "href": "/ip/Bach-RESCUE-REMEDY-PET-Cat-Dropper-10mL-Natural-Calming-Drops-for-Cats-Kittens/1296681547?classType=REGULAR",
    "currentPrice": "current price $19.98",
    "pricePerOz": "N/A",
    "pickup": "Free shipping, arrives in 3+ days",
    "delivery": "N/A",
    "shipping": "N/A"
  },
  {
    "ioId": "1UZ00AF98OQY",
    "linkIdentifier": "1899389571",
    "text": "Friskies Party Mix Meow Luau Crunch Adult Cat Treats, 6 OZ (Pack of 12)",
    "href": "/ip/Friskies-Party-Mix-Meow-Luau-Crunch-Adult-Cat-Treats-6-OZ-Pack-of-12/1899389571?classType=VARIANT",
    "currentPrice": "current price $45.65",
    "pricePerOz": "N/A",
    "pickup": "Free shipping, arrives in 3+ days",
    "delivery": "N/A",
    "shipping": "N/A"
  },
  {
    "ioId": "2P9EAHVHOE0G",
    "linkIdentifier": "2058204751",
    "text": "Vital Essentials Freeze Dried Raw Cat Treats, Rabbit Treats for Cats, 0.9 oz",
    "href": "/ip/Freeze-Dried-Rabbit-Bites-Cat-Treats/2058204751?classType=VARIANT",
    "currentPrice": "current price $6.99",
    "pricePerOz": "+$5.99 shipping",
    "pickup": "Shipping, arrives in 3+ days",
    "delivery": "N/A",
    "shipping": "N/A"
  },
  {
    "ioId": "771CNYT4TP8G",
    "linkIdentifier": "943065839",
    "text": "Pet Wellbeing Natural Support for Cat Anxiety and Stress - Calming Care 2oz (59ml)",
    "href": "/ip/Pet-Wellbeing-Natural-Support-for-Cat-Anxiety-and-Stress-Calming-Care-2oz-59ml/943065839?classType=REGULAR",
    "currentPrice": "current price $36.95",
    "pricePerOz": "N/A",
    "pickup": "Free shipping, arrives in 3+ days",
    "delivery": "N/A",
    "shipping": "N/A"
  },
  {
    "ioId": "5A6I3BKJS4DV",
    "linkIdentifier": "7773955452",
    "text": "Whimzees Wellness Natural Cat Dental Treats, Chicken Flavor, 4.5 Ounce KK21 KK21",
    "href": "/ip/Whimzees-Wellness-Natural-Cat-Dental-Treats-Chicken-Flavor-4-5-Ounce-KK21-KK21/7773955452?classType=REGULAR",
    "currentPrice": "current price $8.49",
    "pricePerOz": "N/A",
    "pickup": "Free shipping, arrives in 3+ days",
    "delivery": "N/A",
    "shipping": "N/A"
  },
  {
    "ioId": "3TYFV032X25U",
    "linkIdentifier": "997589867",
    "text": "FELINE GREENIES Adult Dental Cat Treats, Oven Roasted Chicken Flavor, 21 oz Tub",
    "href": "/ip/FELINE-GREENIES-Adult-Dental-Cat-Treats-Oven-Roasted-Chicken-Flavor-21-oz-Tub/997589867?classType=REGULAR",
    "currentPrice": "current price $33.98",
    "pricePerOz": "$1.62/oz",
    "pickup": "Free shipping, arrives in 3+ days",
    "delivery": "N/A",
    "shipping": "N/A"
  },
  {
    "ioId": "6J3YRH2PY0CO",
    "linkIdentifier": "30386421",
    "text": "N-Bone Cat Chew Treat Chicken, 3.74 oz",
    "href": "/ip/N-Bone-Cat-Chew-Treat-Chicken-3-74-oz/30386421?classType=VARIANT",
    "currentPrice": "current price $10.76",
    "pricePerOz": "N/A",
    "pickup": "Free shipping, arrives in 3+ days",
    "delivery": "N/A",
    "shipping": "N/A"
  },
  {
    "ioId": "5UW4DK2Z3P55",
    "linkIdentifier": "14604324566",
    "text": "FELINE GREENIES Adult Dental OIF8Cat Treats, Savory Salmon Flavor, 9.75 oz. Tub",
    "href": "/ip/FELINE-GREENIES-Adult-Dental-DHF10-nbsp-Cat-Treats-Savory-Salmon-Flavor-9-75-oz-Tub/14604324566?classType=REGULAR",
    "currentPrice": "current price $10.98",
    "pricePerOz": "+$9.98 shipping",
    "pickup": "Shipping, arrives in 3+ days",
    "delivery": "N/A",
    "shipping": "N/A"
  },
  {
    "ioId": "1T5VPFUMQF52",
    "linkIdentifier": "46154529",
    "text": "PureBites Natural Ocean Whitefish Freeze Dried Treats For Cats 0.7-Ounce",
    "href": "/ip/PureBites-Freeze-Dried-Cat-Treats-Whitefish-0-7-oz/46154529?classType=VARIANT",
    "currentPrice": "current price $10.70",
    "pricePerOz": "N/A",
    "pickup": "Shipping, arrives in 2 days",
    "delivery": "N/A",
    "shipping": "N/A"
  },
  {
    "ioId": "4RXY2YY8H00Y",
    "linkIdentifier": "3507578551",
    "text": "Purina DentaLife Dental Treats for Cats Chicken Cat, Cat Treats 1.8 oz",
    "href": "/ip/Purina-DentaLife-Dental-Treats-for-Cats-Chicken-Cat-Cat-Treats-1-8-oz/3507578551?classType=REGULAR",
    "currentPrice": "current price $16.69",
    "pricePerOz": "N/A",
    "pickup": "Free shipping, arrives in 3+ days",
    "delivery": "N/A",
    "shipping": "N/A"
  },
  {
    "ioId": "70TOKQMLFB2F",
    "linkIdentifier": "25176547",
    "text": "KONG Naturals Premium Catnip, 2 Oz",
    "href": "/ip/KONG-Naturals-Premium-Catnip-2-Oz/25176547?classType=REGULAR",
    "currentPrice": "current price $18.99",
    "pricePerOz": "N/A",
    "pickup": "Free shipping, arrives in 3+ days",
    "delivery": "N/A",
    "shipping": "N/A"
  },
  {
    "ioId": "28101HE3II71",
    "linkIdentifier": "708886651",
    "text": "Delectables Lickable Treat - Bisque- Chicken & Duck, Non Seafood, 1ct, 1.4oz",
    "href": "/ip/Delectables-Lickable-Treat-Bisque-Chicken-Duck-Non-Seafood-1ct-1-4oz/708886651?classType=VARIANT",
    "currentPrice": "current price $9.00",
    "pricePerOz": "$6.43/oz",
    "pickup": "Shipping, arrives in 3+ days",
    "delivery": "N/A",
    "shipping": "N/A"
  },
  {
    "ioId": "4HMT484DGYD2",
    "linkIdentifier": "5836276283",
    "text": "Blarkrus 60/80PCS Cat Grass Teething Stick Freeze-dried and Meow Cleaner Teeth A2Y0",
    "href": "/ip/Blarkrus-60-80PCS-Cat-Grass-Teething-Stick-Freeze-dried-and-Meow-Cleaner-Teeth-A2Y0/5836276283?classType=VARIANT&athbdg=L1400",
    "currentPrice": "current price Now $22.92",
    "pricePerOz": "$26.25",
    "pickup": "Shipping, arrives in 3+ days",
    "delivery": "N/A",
    "shipping": "N/A"
  },
  {
    "ioId": "5MASAUF66RDV",
    "linkIdentifier": "1027022255",
    "text": "FELINE GREENIES SMARTBITES Skin & Fur Crunchy and Soft Natural Cat Treats, Chicken Flavor, 4.6 oz. Pack",
    "href": "/ip/FELINE-GREENIES-SMARTBITES-Skin-Fur-Crunchy-and-Soft-Natural-Cat-Treats-Chicken-Flavor-4-6-oz-Pack/1027022255?classType=REGULAR",
    "currentPrice": "N/A",
    "pricePerOz": "N/A",
    "pickup": "Free shipping, arrives in 3+ days",
    "delivery": "N/A",
    "shipping": "N/A"
  },
  {
    "ioId": "1V0KCIGQ26T6",
    "linkIdentifier": "2338877284",
    "text": "Fur Valley Pet Co. Freeze Dried Raw Beef Liver Treats & Topper for Dogs and Cats - 14 oz.",
    "href": "/ip/Fur-Valley-All-Natural-Freeze-Dried-Beef-Liver-Bites-Dog-Cat-Treats-14-oz-Bag-100-Beef-Liver-with-No-Fillers/2338877284?classType=VARIANT",
    "currentPrice": "current price $24.99",
    "pricePerOz": "$1.79/oz",
    "pickup": "Free shipping, arrives in 3+ days",
    "delivery": "N/A",
    "shipping": "N/A"
  },
  {
    "ioId": "5IH1I7BPA6ND",
    "linkIdentifier": "954114194",
    "text": "Imperial Cat 1 oz. All-Natural Catnip 3 pack",
    "href": "/ip/Imperial-Cat-1-oz-All-Natural-Catnip-3-pack/954114194?classType=REGULAR",
    "currentPrice": "current price $10.54",
    "pricePerOz": "N/A",
    "pickup": "Shipping, arrives in 3+ days",
    "delivery": "N/A",
    "shipping": "N/A"
  },
  {
    "ioId": "34ASUAYOSTB5",
    "linkIdentifier": "7496051837",
    "text": "Hartz Delectables Gravy Lickable Wet Cat Treats Variety Pack, 12 Count (4 Pack)",
    "href": "/ip/Hartz-Delectables-Gravy-Lickable-Wet-Cat-Treats-Variety-Pack-12-Count-4-Pack/7496051837?classType=VARIANT",
    "currentPrice": "current price $69.92",
    "pricePerOz": "N/A",
    "pickup": "Free shipping, arrives in 3+ days",
    "delivery": "N/A",
    "shipping": "N/A"
  },
  {
    "ioId": "4VDO3BUJ6FO2",
    "linkIdentifier": "281194557",
    "text": "3Packs Catnip Toys Balls, Edible Kitten Silvervine Toys for Cats Lick, Safe Healthy Kitty Chew Toys, Teeth Cleaning Dental Cat Toy, Cat Wall Treats",
    "href": "/ip/3Packs-Catnip-Toys-Balls-Edible-Kitten-Silvervine-Toys-for-Cats-Lick-Safe-Healthy-Kitty-Chew-Toys-Teeth-Cleaning-Dental-Cat-Toy-Cat-Wall-Treats/281194557?classType=REGULAR",
    "currentPrice": "current price $8.25",
    "pricePerOz": "N/A",
    "pickup": "Free shipping, arrives in 3+ days",
    "delivery": "N/A",
    "shipping": "N/A"
  },
  {
    "ioId": "51U5TI6OHLUU",
    "linkIdentifier": "10894209277",
    "text": "Delectables Delectables 12-Pack 1.4 oz Broth Cat Food Variety Pack",
    "href": "/ip/Delectables-Delectables-12-Pack-1-4-oz-Broth-Cat-Food-Variety-Pack/10894209277?classType=REGULAR",
    "currentPrice": "current price $24.60",
    "pricePerOz": "N/A",
    "pickup": "Free shipping, arrives in 2 days",
    "delivery": "N/A",
    "shipping": "N/A"
  },
  {
    "ioId": "7J9QYR4DJ2HV",
    "linkIdentifier": "10111973163",
    "text": "Reveal Pet Food Whole Salmon Loin Cat Treat, Natural Wet Grain Free Food, 12 Ct 1.06 oz Pouches",
    "href": "/ip/Reveal-Whole-Salmon-Loin-Cat-Treat-Natural-Grain-Free-Food-12-Ct-1-06-oz-Pouches/10111973163?classType=REGULAR",
    "currentPrice": "current price $29.76",
    "pricePerOz": "$2.34/oz",
    "pickup": "Shipping, arrives tomorrow",
    "delivery": "N/A",
    "shipping": "N/A"
  },
  {
    "ioId": "55QW8P6WBOR5",
    "linkIdentifier": "133746842",
    "text": "JIMSHOP Stainless Steel Foot File Rasp Scraper Hard Dead Rough Skin Callus Remover Care，Black",
    "href": "/ip/3-Silvervine-Catnip-Balls-Edible-Kitty-Toys-for-Cats-Lick-Safe-Healthy-Kitten-Chew-Toys-Teeth-Cleaning-Dental-Cat-Toy-Cat-Wall-Treats/133746842?classType=VARIANT",
    "currentPrice": "current price $8.40",
    "pricePerOz": "N/A",
    "pickup": "Free shipping, arrives in 3+ days",
    "delivery": "N/A",
    "shipping": "N/A"
  },
  {
    "ioId": "3OR5A4N4BC9U",
    "linkIdentifier": "619269780",
    "text": "Purina Friskies Party Mix Crunch Beachside Cat Treats 2 Pack (20 oz. each)",
    "href": "/ip/Purina-Friskies-Party-Mix-Crunch-Beachside-Cat-Treats-2-Pack-20-oz-each/619269780?classType=REGULAR",
    "currentPrice": "current price $29.95",
    "pricePerOz": "N/A",
    "pickup": "Shipping, arrives tomorrow",
    "delivery": "N/A",
    "shipping": "N/A"
  },
  {
    "ioId": "2NSBF1B3T0SO",
    "linkIdentifier": "2919744227",
    "text": "Pure Treats 5.5 oz Purebites Freeze Dried Cat Treats",
    "href": "/ip/Pure-Treats-5-5-oz-Purebites-Freeze-Dried-Cat-Treats/2919744227?classType=REGULAR",
    "currentPrice": "current price $28.29",
    "pricePerOz": "N/A",
    "pickup": "Free shipping, arrives in 3+ days",
    "delivery": "N/A",
    "shipping": "N/A"
  },
  {
    "ioId": "41TF8PESBIPJ",
    "linkIdentifier": "8734506479",
    "text": "Catit Creamy Lickable Cat Treat, Healthy Cat Treat, 4 Flavours, 80 Tubes, 800g (80 X 10g)",
    "href": "/ip/Catit-Creamy-Lickable-Cat-Treat-Healthy-Cat-Treat-4-Flavours-80-Tubes-800g-80-X-10g/8734506479?classType=REGULAR",
    "currentPrice": "current price $51.11",
    "pricePerOz": "N/A",
    "pickup": "Free shipping, arrives in 3+ days",
    "delivery": "N/A",
    "shipping": "N/A"
  },
  {
    "ioId": "2L9ATHQ5OS59",
    "linkIdentifier": "14802372572",
    "text": "Delectables Squeeze Up Creamy Squeezable Puree, Lickable Wet Cat Treats, Grain Free, No Added Fillers, No By-Products, No Added Preservatives, 0.5 Ounces Senior Chicken, 32 Tubes Total",
    "href": "/ip/Delectables-Squeeze-Up-Creamy-Squeezable-Puree-Lickable-Wet-Cat-Treats-Grain-Free-No-Added-Fillers-By-Products-Preservatives-0-5-Ounces-Senior-Chicke/14802372572?classType=REGULAR",
    "currentPrice": "current price $39.99",
    "pricePerOz": "N/A",
    "pickup": "Free shipping, arrives in 3+ days",
    "delivery": "N/A",
    "shipping": "N/A"
  },
  {
    "ioId": "4A5RG8NUJF5W",
    "linkIdentifier": "2977357974",
    "text": "Incredipet Catnip Tub 2.5 oz",
    "href": "/ip/Incredipet-Catnip-Tub-2-5-oz/2977357974?classType=REGULAR",
    "currentPrice": "current price $9.99",
    "pricePerOz": "N/A",
    "pickup": "Free shipping, arrives in 3+ days",
    "delivery": "N/A",
    "shipping": "N/A"
  },
  {
    "ioId": "31JTYEXDFE2C",
    "linkIdentifier": "43636439",
    "text": "Purina Friskies Party Mix Meow Luau,Cat Treats, Ocean Whitefish, Pork, & Crab, 2.1 oz Bag",
    "href": "/ip/Purina-Friskies-Cat-Treats-Party-Mix-Meow-Luau-Crunch/43636439?classType=VARIANT",
    "currentPrice": "N/A",
    "pricePerOz": "N/A",
    "pickup": "Free shipping, arrives in 3+ days",
    "delivery": "N/A",
    "shipping": "N/A"
  },
  {
    "ioId": "2HOSVNUXNE2G",
    "linkIdentifier": "5368036312",
    "text": "Greenies Adult Natural Dental Care Cat Treats, Savory Salmon Flavor, 4.6 oz. Pouch",
    "href": "/ip/Greenies-Adult-Natural-Dental-Care-Cat-Treats-Savory-Salmon-Flavor-4-6-oz-Pouch/5368036312?classType=REGULAR",
    "currentPrice": "current price $5.50",
    "pricePerOz": "+$6.00 shipping",
    "pickup": "Shipping, arrives in 3+ days",
    "delivery": "N/A",
    "shipping": "N/A"
  },
  {
    "ioId": "41GIIJ3IAR9F",
    "linkIdentifier": "643372576",
    "text": "ORIJEN Freeze Dried Cat Treats, Grain Free, Natural & Raw Animal Ingredients, Original made with Free-Run Poultry & Wild-Caught Monkfish, 1.25 oz",
    "href": "/ip/ORIJEN-Freeze-Dried-Cat-Treats-Grain-Free-Natural-Raw-Animal-Ingredients-Original-made-with-Free-Run-Poultry-Wild-Caught-Monkfish-1-25-oz/643372576?classType=REGULAR",
    "currentPrice": "current price $10.38",
    "pricePerOz": "N/A",
    "pickup": "Free shipping, arrives in 3+ days",
    "delivery": "N/A",
    "shipping": "N/A"
  },
  {
    "ioId": "5GK8DW6LB940",
    "linkIdentifier": "171583887",
    "text": "PureBites Freeze-Dried Cat Treats Duck Liver, 1.05 oz",
    "href": "/ip/PureBites-Freeze-Dried-Cat-Treats-Duck-Liver-1-05-oz/171583887?classType=REGULAR",
    "currentPrice": "current price $9.04",
    "pricePerOz": "$9.42/oz",
    "pickup": "Shipping, arrives in 2 days",
    "delivery": "N/A",
    "shipping": "N/A"
  },
  {
    "ioId": "7JI9KBXNJHCW",
    "linkIdentifier": "47223833",
    "text": "Temptations 6.3 oz Classic Variety Pack: Tasty Chicken + Tempting Tuna + Seafood Medley",
    "href": "/ip/Temptations-6-3-oz-Classic-Variety-Pack-Tasty-Chicken-Tempting-Tuna-Seafood-Medley/47223833?classType=REGULAR",
    "currentPrice": "current price Now $9.36",
    "pricePerOz": "$11.94",
    "pickup": "Shipping, arrives tomorrow",
    "delivery": "N/A",
    "shipping": "N/A"
  },
  {
    "ioId": "34QYW64RKQYP",
    "linkIdentifier": "2192537188",
    "text": "Freeze Dried Chicken, Easy To Digest FD Freeze Drying Process Cat Freeze Dried Treat For Cats",
    "href": "/ip/Freeze-Dried-Chicken-Easy-To-Digest-FD-Freeze-Drying-Process-Cat-Freeze-Dried-Treat-For-Cats/2192537188?classType=REGULAR",
    "currentPrice": "current price $12.72",
    "pricePerOz": "N/A",
    "pickup": "Free shipping, arrives in 3+ days",
    "delivery": "N/A",
    "shipping": "N/A"
  },
  {
    "ioId": "0UV8N687Y4WL",
    "linkIdentifier": "169509273",
    "text": "Get Naked Crunchy Treats CAT HEALTH with Cranberry 2.5 Oz",
    "href": "/ip/Get-Naked-Crunchy-Treats-CAT-HEALTH-with-Cranberry-2-5-Oz/169509273?classType=REGULAR",
    "currentPrice": "N/A",
    "pricePerOz": "N/A",
    "pickup": "Free shipping, arrives in 3+ days",
    "delivery": "N/A",
    "shipping": "N/A"
  },
  {
    "ioId": "6MP7C7Y1NACK",
    "linkIdentifier": "2915973717",
    "text": "Pounce Tarter Control Crunchy Tuna Flavored Cat Treats Tartar & Plaque Control Made with Real Tuna Bite-Sized Heart Shape Feline Treats Convenient & Resealable for Easy Treating Cat Paws 2.1oz- 2 Pack",
    "href": "/ip/Pounce-Tarter-Control-Crunchy-Tuna-Flavored-Cat-Treats-Tartar-Plaque-Made-Real-Bite-Sized-Heart-Shape-Feline-Convenient-Resealable-Easy-Treating-Paws/2915973717?classType=REGULAR",
    "currentPrice": "current price $11.25",
    "pricePerOz": "N/A",
    "pickup": "Free shipping, arrives in 3+ days",
    "delivery": "N/A",
    "shipping": "N/A"
  },
  {
    "ioId": "7EOUYG8MXVVN",
    "linkIdentifier": "14955255402",
    "text": "Sheba Meaty Tender Sticks Soft Cat Treats with Chicken, Tuna Flavor, and Salmon Flavor, 0.14 oz., 70 Count C45",
    "href": "/ip/Sheba-Meaty-Tender-Sticks-Soft-Cat-Treats-with-Chicken-Tuna-Flavor-and-Salmon-Flavor-0-14-oz-70-Count-C45/14955255402?classType=REGULAR&athbdg=L1600",
    "currentPrice": "current price Now $28.99",
    "pricePerOz": "$32.99",
    "pickup": "Shipping, arrives in 3+ days",
    "delivery": "N/A",
    "shipping": "N/A"
  },
  {
    "ioId": "0SB67BY36ZNL",
    "linkIdentifier": "303310466",
    "text": "Tiger Grass Buds Organic Catnip 1 oz. Foil Bag",
    "href": "/ip/Tiger-Grass-Buds-Organic-Catnip-1-oz-Foil-Bag/303310466?classType=REGULAR",
    "currentPrice": "current price $8.99",
    "pricePerOz": "N/A",
    "pickup": "Free shipping, arrives in 3+ days",
    "delivery": "N/A",
    "shipping": "N/A"
  },
  {
    "ioId": "4NCXKET7I6O0",
    "linkIdentifier": "12181461539",
    "text": "Hartz Delectables Savory Broths Chicken HYZ01 & Veggies Lickable Wet Cat Treats, 12 Count",
    "href": "/ip/Hartz-Delectables-Savory-Broths-Chicken-HYZ01-Veggies-Lickable-Wet-Cat-Treats-12-Count/12181461539?classType=REGULAR",
    "currentPrice": "N/A",
    "pricePerOz": "N/A",
    "pickup": "Free shipping, arrives in 3+ days",
    "delivery": "N/A",
    "shipping": "N/A"
  },
  {
    "ioId": "2O6RX8NUSP7C",
    "linkIdentifier": "10698824213",
    "text": "Trader Joe's Here, Kitty Kitty! Cat Treats Made with Chicken Net Wt. 5 Oz /142g Pack of 2",
    "href": "/ip/Trader-Joe-s-Here-Kitty-Kitty-Cat-Treats-Made-with-Chicken-Net-Wt-5-Oz-142g-Pack-of-2/10698824213?classType=REGULAR",
    "currentPrice": "current price $17.80",
    "pricePerOz": "N/A",
    "pickup": "Free shipping, arrives in 3+ days",
    "delivery": "N/A",
    "shipping": "N/A"
  },
  {
    "ioId": "3AJS3Z2TCLWO",
    "linkIdentifier": "10048805775",
    "text": "INABA Churu Cat Treats, Grain-Free, Lickable, Squeezable Creamy Pure Cat Treat/Topper with Vitamin E & Taurine, 0.5 Ounces Each Tube, 24 Tubes (4 per Pack), Chicken with Scallop Recipe",
    "href": "/ip/INABA-Churu-Cat-Treats-Grain-Free-Lickable-Squeezable-Creamy-Pur-e-Treat-Topper-Vitamin-E-Taurine-0-5-Ounces-Each-Tube-24-Tubes-4-per-Pack-Chicken-Sc/10048805775?classType=REGULAR",
    "currentPrice": "current price $34.15",
    "pricePerOz": "$5.69/oz",
    "pickup": "Free shipping, arrives in 3+ days",
    "delivery": "N/A",
    "shipping": "N/A"
  },
  {
    "ioId": "4ERJY9C8I5SZ",
    "linkIdentifier": "1043816232",
    "text": "Meow Mix Irresistibles Soft Chicken Cat Treats Made with Real Chicken White Meat No Artificial Flavors Delicious Soft and Crunchy Cat Food Perfect for Sharing Moments Together 3oz Pouch 2 Packs",
    "href": "/ip/Meow-Mix-Irresistibles-Soft-Chicken-Cat-Treats-Made-Real-White-Meat-No-Artificial-Flavors-Delicious-Crunchy-Food-Perfect-Sharing-Moments-Together-3oz/1043816232?classType=REGULAR",
    "currentPrice": "current price $12.99",
    "pricePerOz": "N/A",
    "pickup": "Shipping, arrives in 2 days",
    "delivery": "N/A",
    "shipping": "N/A"
  },
  {
    "ioId": "4T31S5T0EG0J",
    "linkIdentifier": "7685918174",
    "text": "KITPIPIVOPPV 60/80x Cat Grass Sticks Pet Snacks Cat Food for Cats of All Ages Cat Teeth Cle",
    "href": "/ip/KITPIPIVOPPV-60-80x-Cat-Grass-Sticks-Pet-Snacks-Cat-Food-for-Cats-of-All-Ages-Cat-Teeth-Cle/7685918174?classType=VARIANT&athbdg=L1700",
    "currentPrice": "current price Now $15.69",
    "pricePerOz": "$17.63",
    "pickup": "Shipping, arrives in 3+ days",
    "delivery": "N/A",
    "shipping": "N/A"
  },
  {
    "ioId": "3E5WK9XNHZUX",
    "linkIdentifier": "15027274705",
    "text": "Hartz Delectables Stew Non-Seafood Lickable Wet Cat Treats Variety Pack - 24 Count (2 Packs of 12), New",
    "href": "/ip/Hartz-Delectables-Stew-Non-Seafood-Lickable-Wet-Cat-Treats-Variety-Pack-24-Count-2-Packs-of-12-New/15027274705?classType=REGULAR",
    "currentPrice": "current price $24.99",
    "pricePerOz": "N/A",
    "pickup": "Free shipping, arrives in 3+ days",
    "delivery": "N/A",
    "shipping": "N/A"
  },
  {
    "ioId": "3T0JQNIY3LUO",
    "linkIdentifier": "898045705",
    "text": "Get Naked Biteables Digestive Health Plus Functional Cat Soft Treats 3oz.",
    "href": "/ip/Get-Naked-Digestive-Health-Biteables-Soft-Cat-Treats-Surf-and-Turf-Flavor/898045705?classType=VARIANT",
    "currentPrice": "N/A",
    "pricePerOz": "N/A",
    "pickup": "Free shipping, arrives in 3+ days",
    "delivery": "N/A",
    "shipping": "N/A"
  },
  {
    "ioId": "3PQARSMFPY6T",
    "linkIdentifier": "1119033519",
    "text": "Beefeaters Lickables Puree Cat Treat, Salmon, 3ct, Case of 12",
    "href": "/ip/Beefeaters-Puree-Cat-Treat-Salmon-3ct-Case-of-12/1119033519?classType=VARIANT",
    "currentPrice": "current price $23.08",
    "pricePerOz": "N/A",
    "pickup": "Free shipping, arrives in 3+ days",
    "delivery": "N/A",
    "shipping": "N/A"
  },
  {
    "ioId": "2DHH0N6161IJ",
    "linkIdentifier": "609693227",
    "text": "Petlinks, HappyNip, Loose Silvervine and Catnip Blend, Natural Cat Treats, Pure, Potent, Resealable Pouch, 2 Oz",
    "href": "/ip/petlinks-happynip-loose-silvervine-and-catnip-blend-natural-cat-treats-pure-potent-resealable-pouch-2-oz/609693227?classType=REGULAR",
    "currentPrice": "current price $15.56",
    "pricePerOz": "N/A",
    "pickup": "Free shipping, arrives in 3+ days",
    "delivery": "N/A",
    "shipping": "N/A"
  },
  {
    "ioId": "25H5HEJ21M4W",
    "linkIdentifier": "1208131600",
    "text": "Purina Friskies Party Mix Cat Treats, Meow Luau Crunch with Ocean Whitefish & Flavors of Pork & Crab, Cat Treats for Adult Cats, 2.1-Ounce Pouch (Pack of 3)",
    "href": "/ip/Purina-Friskies-Party-Mix-Cat-Treats-Meow-Luau-Crunch-Ocean-Whitefish-Flavors-Pork-Crab-Treats-Adult-Cats-2-1-Ounce-Pouch-Pack-3/1208131600?classType=VARIANT",
    "currentPrice": "current price $17.73",
    "pricePerOz": "N/A",
    "pickup": "Free shipping, arrives in 3+ days",
    "delivery": "N/A",
    "shipping": "N/A"
  },
  {
    "ioId": "676QXTX0I6TG",
    "linkIdentifier": "312815744",
    "text": "Friskies Cat Treats, Party Mix Original Crunch Holiday, 6 oz. Pouch",
    "href": "/ip/Friskies-Cat-Treats-Party-Mix-Original-Crunch-Holiday-6-oz-Pouch/312815744?classType=REGULAR",
    "currentPrice": "N/A",
    "pricePerOz": "N/A",
    "pickup": "Free shipping, arrives in 2 days",
    "delivery": "N/A",
    "shipping": "N/A"
  },
  {
    "ioId": "35MGAS6943SJ",
    "linkIdentifier": "5952013779",
    "text": "Purina Friskies 50000660766 Playfuls Chicken & Liver Dry Cat Treats 6 oz. Pouch, Pack of 1",
    "href": "/ip/Purina-Friskies-50000660766-Playfuls-Chicken-Liver-Dry-Cat-Treats-6-oz-Pouch-Pack-of-1/5952013779?classType=REGULAR",
    "currentPrice": "current price $16.01",
    "pricePerOz": "+$10.24 shipping",
    "pickup": "Shipping, arrives in 3+ days",
    "delivery": "N/A",
    "shipping": "N/A"
  },
  {
    "ioId": "1XRCZHRZ024W",
    "linkIdentifier": "13760663617",
    "text": "Trader Joe's Advent Calendar for Cats Salmon & Dried Seaweed Recipe Cat Treats 5.11oz 145g (2 Boxes)",
    "href": "/ip/Trader-Joe-s-Advent-Calendar-for-Cats-Salmon-Dried-Seaweed-Recipe-Cat-Treats-5-11oz-145g-2-Boxes/13760663617?classType=REGULAR",
    "currentPrice": "current price $37.99",
    "pricePerOz": "N/A",
    "pickup": "Free shipping, arrives in 3+ days",
    "delivery": "N/A",
    "shipping": "N/A"
  },
  {
    "ioId": "6Y6RIJ1PN1T3",
    "linkIdentifier": "111214960",
    "text": "Life Essentials Freeze Dried Wild Alaskan Salmon Dog & Cat Treats, 2 oz. bag",
    "href": "/ip/Life-Essentials-Freeze-Dried-Wild-Alaskan-Salmon-Dog-Cat-Treats-2-oz-bag/111214960?classType=REGULAR",
    "currentPrice": "current price $22.60",
    "pricePerOz": "$2.51/ea",
    "pickup": "Free shipping, arrives in 3+ days",
    "delivery": "N/A",
    "shipping": "N/A"
  },
  {
    "ioId": "70TOKQMLFB2F",
    "linkIdentifier": "25176547",
    "text": "KONG Naturals Premium Catnip, 2 Oz",
    "href": "/ip/KONG-Naturals-Premium-Catnip-2-Oz/25176547?classType=REGULAR",
    "currentPrice": "current price $18.99",
    "pricePerOz": "N/A",
    "pickup": "Free shipping, arrives in 3+ days",
    "delivery": "N/A",
    "shipping": "N/A"
  },
  {
    "ioId": "6UJA8PP68HVO",
    "linkIdentifier": "11366459301",
    "text": "Vital Essentials Freeze Dried Raw Cat Treats, Minnows Treats, 0.5 oz SHC126",
    "href": "/ip/Vital-Essentials-Freeze-Dried-Raw-Cat-Treats-Minnows-Treats-0-5-oz-SHC126/11366459301?classType=REGULAR",
    "currentPrice": "N/A",
    "pricePerOz": "N/A",
    "pickup": "N/A",
    "delivery": "N/A",
    "shipping": "N/A"
  },
  {
    "ioId": "58FH5NM5VL1H",
    "linkIdentifier": "752779121",
    "text": "Meow Mix 'Treat the Chicken Lover' Bundle",
    "href": "/ip/Meow-Mix-apos-Treat-the-Chicken-Lover-apos-Bundle/752779121?classType=REGULAR",
    "currentPrice": "current price $16.06",
    "pricePerOz": "$23.10",
    "pickup": "N/A",
    "delivery": "N/A",
    "shipping": "N/A"
  },
  {
    "ioId": "3T0JQNIY3LUO",
    "linkIdentifier": "898045705",
    "text": "Get Naked Biteables Digestive Health Plus Functional Cat Soft Treats 3oz.",
    "href": "/ip/Get-Naked-Digestive-Health-Biteables-Soft-Cat-Treats-Surf-and-Turf-Flavor/898045705?classType=VARIANT",
    "currentPrice": "N/A",
    "pricePerOz": "N/A",
    "pickup": "Free shipping, arrives in 3+ days",
    "delivery": "N/A",
    "shipping": "N/A"
  },
  {
    "ioId": "3PQARSMFPY6T",
    "linkIdentifier": "1119033519",
    "text": "Beefeaters Lickables Puree Cat Treat, Salmon, 3ct, Case of 12",
    "href": "/ip/Beefeaters-Puree-Cat-Treat-Salmon-3ct-Case-of-12/1119033519?classType=VARIANT",
    "currentPrice": "current price $23.08",
    "pricePerOz": "N/A",
    "pickup": "Free shipping, arrives in 3+ days",
    "delivery": "N/A",
    "shipping": "N/A"
  },
  {
    "ioId": "2DHH0N6161IJ",
    "linkIdentifier": "609693227",
    "text": "Petlinks, HappyNip, Loose Silvervine and Catnip Blend, Natural Cat Treats, Pure, Potent, Resealable Pouch, 2 Oz",
    "href": "/ip/petlinks-happynip-loose-silvervine-and-catnip-blend-natural-cat-treats-pure-potent-resealable-pouch-2-oz/609693227?classType=REGULAR",
    "currentPrice": "current price $15.56",
    "pricePerOz": "N/A",
    "pickup": "Free shipping, arrives in 3+ days",
    "delivery": "N/A",
    "shipping": "N/A"
  },
  {
    "ioId": "25H5HEJ21M4W",
    "linkIdentifier": "1208131600",
    "text": "Purina Friskies Party Mix Cat Treats, Meow Luau Crunch with Ocean Whitefish & Flavors of Pork & Crab, Cat Treats for Adult Cats, 2.1-Ounce Pouch (Pack of 3)",
    "href": "/ip/Purina-Friskies-Party-Mix-Cat-Treats-Meow-Luau-Crunch-Ocean-Whitefish-Flavors-Pork-Crab-Treats-Adult-Cats-2-1-Ounce-Pouch-Pack-3/1208131600?classType=VARIANT",
    "currentPrice": "current price $17.73",
    "pricePerOz": "N/A",
    "pickup": "Free shipping, arrives in 3+ days",
    "delivery": "N/A",
    "shipping": "N/A"
  },
  {
    "ioId": "676QXTX0I6TG",
    "linkIdentifier": "312815744",
    "text": "Friskies Cat Treats, Party Mix Original Crunch Holiday, 6 oz. Pouch",
    "href": "/ip/Friskies-Cat-Treats-Party-Mix-Original-Crunch-Holiday-6-oz-Pouch/312815744?classType=REGULAR",
    "currentPrice": "N/A",
    "pricePerOz": "N/A",
    "pickup": "Free shipping, arrives in 2 days",
    "delivery": "N/A",
    "shipping": "N/A"
  },
  {
    "ioId": "35MGAS6943SJ",
    "linkIdentifier": "5952013779",
    "text": "Purina Friskies 50000660766 Playfuls Chicken & Liver Dry Cat Treats 6 oz. Pouch, Pack of 1",
    "href": "/ip/Purina-Friskies-50000660766-Playfuls-Chicken-Liver-Dry-Cat-Treats-6-oz-Pouch-Pack-of-1/5952013779?classType=REGULAR",
    "currentPrice": "current price $16.01",
    "pricePerOz": "+$10.24 shipping",
    "pickup": "Shipping, arrives in 3+ days",
    "delivery": "N/A",
    "shipping": "N/A"
  },
  {
    "ioId": "1XRCZHRZ024W",
    "linkIdentifier": "13760663617",
    "text": "Trader Joe's Advent Calendar for Cats Salmon & Dried Seaweed Recipe Cat Treats 5.11oz 145g (2 Boxes)",
    "href": "/ip/Trader-Joe-s-Advent-Calendar-for-Cats-Salmon-Dried-Seaweed-Recipe-Cat-Treats-5-11oz-145g-2-Boxes/13760663617?classType=REGULAR",
    "currentPrice": "current price $37.99",
    "pricePerOz": "N/A",
    "pickup": "Free shipping, arrives in 3+ days",
    "delivery": "N/A",
    "shipping": "N/A"
  },
  {
    "ioId": "6Y6RIJ1PN1T3",
    "linkIdentifier": "111214960",
    "text": "Life Essentials Freeze Dried Wild Alaskan Salmon Dog & Cat Treats, 2 oz. bag",
    "href": "/ip/Life-Essentials-Freeze-Dried-Wild-Alaskan-Salmon-Dog-Cat-Treats-2-oz-bag/111214960?classType=REGULAR",
    "currentPrice": "current price $22.60",
    "pricePerOz": "$2.51/ea",
    "pickup": "Free shipping, arrives in 3+ days",
    "delivery": "N/A",
    "shipping": "N/A"
  },
  {
    "ioId": "15T3O5K4NNW2",
    "linkIdentifier": "8618074979",
    "text": "Viva La Kitty Tuna and Scallop Recipe in Broth Cat Appetizer Treats, Pack of 12",
    "href": "/ip/Viva-La-Kitty-Tuna-and-Scallop-Recipe-in-Broth-Cat-Appetizer-Treats-Pack-of-12/8618074979?classType=REGULAR",
    "currentPrice": "current price $39.99",
    "pricePerOz": "N/A",
    "pickup": "Free shipping, arrives in 2 days",
    "delivery": "N/A",
    "shipping": "N/A"
  },
  {
    "ioId": "5BZV6A21809H",
    "linkIdentifier": "671268491",
    "text": "PureBites Natural Beef Liver Freeze Dried Treats For Cats 1.55-Ounce",
    "href": "/ip/Puretr-789027-1-55-oz-PureBites-Beef-Liver-for-Cats/671268491?classType=REGULAR",
    "currentPrice": "current price $10.70",
    "pricePerOz": "$2.68/oz",
    "pickup": "Shipping, arrives in 2 days",
    "delivery": "N/A",
    "shipping": "N/A"
  },
  {
    "ioId": "1F6T7SLTR4JD",
    "linkIdentifier": "5136065528",
    "text": "Whole Life Pet Just One Ingredient Tuna Treats for Cats, 1.5oz",
    "href": "/ip/Whole-Life-Pet-Just-One-Ingredient-Tuna-Treats-for-Cats-1-5oz/5136065528?classType=VARIANT",
    "currentPrice": "current price $6.99",
    "pricePerOz": "+$6.99 shipping",
    "pickup": "Shipping, arrives in 3+ days",
    "delivery": "N/A",
    "shipping": "N/A"
  },
  {
    "ioId": "47AG465KTR9U",
    "linkIdentifier": "3188554146",
    "text": "Greenies SmartBites Healthy Indoor Chicken Flavor Cat Treats [Cat, Cat Treats] 4.6 oz",
    "href": "/ip/Greenies-SmartBites-Healthy-Indoor-Chicken-Flavor-Cat-Treats-Cat-Cat-Treats-4-6-oz/3188554146?classType=REGULAR",
    "currentPrice": "current price $15.97",
    "pricePerOz": "N/A",
    "pickup": "Free shipping, arrives in 3+ days",
    "delivery": "N/A",
    "shipping": "N/A"
  },
  {
    "ioId": "18IH8VRLIMXG",
    "linkIdentifier": "355690898",
    "text": "Delectables Lickable Savory Broths, Tuna, Shrimp & Whitefish, 1ct",
    "href": "/ip/Delectables-Lickable-Savory-Broths-Tuna-Shrimp-Whitefish-1ct/355690898?classType=VARIANT",
    "currentPrice": "current price $1.12",
    "pricePerOz": "80.0 ¢/oz",
    "pickup": "Shipping, arrives in 3+ days",
    "delivery": "N/A",
    "shipping": "N/A"
  },
  {
    "ioId": "11BNHILBNK1D",
    "linkIdentifier": "2045656349",
    "text": "West Coast Pet Products Catnip (4 oz Fine Cut) Premium Grade Canadian Catnip - Cat Nip Treat",
    "href": "/ip/West-Coast-Pet-Products-Catnip-4-oz-Fine-Cut-Premium-Grade-Canadian-Catnip-Cat-Nip-Treat/2045656349?classType=REGULAR",
    "currentPrice": "current price $11.49",
    "pricePerOz": "N/A",
    "pickup": "Free shipping, arrives in 3+ days",
    "delivery": "N/A",
    "shipping": "N/A"
  },
  {
    "ioId": "5MEG15GEBFVS",
    "linkIdentifier": "8476901634",
    "text": "Pets Cat Grass Sticks Pet Snacks Hairball Removal Gentle Hair Removal Instant Cat Grass Sticks For Cats",
    "href": "/ip/Pets-Cat-Grass-Sticks-Pet-Snacks-Hairball-Removal-Gentle-Hair-Removal-Instant-Cat-Grass-Sticks-For-Cats/8476901634?classType=VARIANT",
    "currentPrice": "current price $3.35",
    "pricePerOz": "+$4.26 shipping",
    "pickup": "Shipping, arrives in 3+ days",
    "delivery": "N/A",
    "shipping": "N/A"
  },
  {
    "ioId": "29R33G75IO9K",
    "linkIdentifier": "935187274",
    "text": "Greenies Feline Dental Natural Cat Treats, Oven Roasted Chicken Flavor, 11 oz. Tub",
    "href": "/ip/Greenies-Feline-Dental-Natural-Cat-Treats-Oven-Roasted-Chicken-Flavor-11-oz-Tub/935187274?classType=REGULAR",
    "currentPrice": "current price $28.90",
    "pricePerOz": "$2.63/oz",
    "pickup": "Free shipping, arrives in 3+ days",
    "delivery": "N/A",
    "shipping": "N/A"
  },
  {
    "ioId": "6PFC1SDVR484",
    "linkIdentifier": "14837973114",
    "text": "Temptations MixUps Backyard Cookout Flavor Crunchy and Soft Cat Treats, 30 oz. Tub E11",
    "href": "/ip/Temptations-MixUps-Backyard-Cookout-Flavor-Crunchy-and-Soft-Cat-Treats-30-oz-Tub-E11/14837973114?classType=REGULAR&athbdg=L1600",
    "currentPrice": "current price $19.99",
    "pricePerOz": "+$9.99 shipping",
    "pickup": "Shipping, arrives in 3+ days",
    "delivery": "N/A",
    "shipping": "N/A"
  },
  {
    "ioId": "6DFTZWENIQ6A",
    "linkIdentifier": "7778423209",
    "text": "Blue Buffalo Wilderness Crunchy Cat Treats, Grain-Free Treats for Cats Made with Natural Ingredients, Great for Training, Tasty Chicken Flavor, 12-oz. Tub KK21 KK21",
    "href": "/ip/Blue-Buffalo-Wilderness-Crunchy-Cat-Treats-Grain-Free-Treats-Cats-Made-Natural-Ingredients-Great-Training-Tasty-Chicken-Flavor-12-oz-Tub-KK21/7778423209?classType=REGULAR",
    "currentPrice": "current price $10.98",
    "pricePerOz": "+$9.98 shipping",
    "pickup": "Shipping, arrives in 3+ days",
    "delivery": "N/A",
    "shipping": "N/A"
  },
  {
    "ioId": "4P0F95VS56PH",
    "linkIdentifier": "391533146",
    "text": "Fruitables Wildly Natural Cat Treat Variety Pack with 3 Chicken, 3Tuna,3Salmon, 2.5 Ounce Bags",
    "href": "/ip/Fruitables-Wildly-Natural-Cat-Treat-Variety-Pack-with-3-Chicken-3Tuna-3Salmon-2-5-Ounce-Bags/391533146?classType=REGULAR",
    "currentPrice": "current price $27.77",
    "pricePerOz": "N/A",
    "pickup": "Shipping, arrives in 2 days",
    "delivery": "N/A",
    "shipping": "N/A"
  },
  {
    "ioId": "5VON92GIHRAF",
    "linkIdentifier": "991272115",
    "text": "Emerald Pet Feline Dental Cat Treats Catnip 11oz",
    "href": "/ip/Emerald-Pet-Feline-Dental-Cat-Treats-Catnip-11-oz/991272115?classType=REGULAR",
    "currentPrice": "N/A",
    "pricePerOz": "N/A",
    "pickup": "Free shipping, arrives in 3+ days",
    "delivery": "N/A",
    "shipping": "N/A"
  },
  {
    "ioId": "4AW6GWNF9AU9",
    "linkIdentifier": "236852852",
    "text": "Honest Kitchen 850027768076 Blend Goat Milk Cat Treat - 12 Count",
    "href": "/ip/Honest-Kitchen-850027768076-Blend-Goat-Milk-Cat-Treat-12-Count/236852852?classType=REGULAR",
    "currentPrice": "current price $15.20",
    "pricePerOz": "N/A",
    "pickup": "Free shipping, arrives in 3+ days",
    "delivery": "N/A",
    "shipping": "N/A"
  },
  {
    "ioId": "6PGNDIDVLEDE",
    "linkIdentifier": "3002005002",
    "text": "Wellness Pet Products Cat Treat - Kittles - Tuna & Cranberry - Case of 14 - 2 oz",
    "href": "/ip/Wellness-Pet-Products-Cat-Treat-Kittles-Tuna-Cranberry-Case-of-14-2-oz/3002005002?classType=VARIANT",
    "currentPrice": "current price $39.80",
    "pricePerOz": "N/A",
    "pickup": "Free shipping, arrives in 2 days",
    "delivery": "N/A",
    "shipping": "N/A"
  },
  {
    "ioId": "68RR6BMM8EO0",
    "linkIdentifier": "511006678",
    "text": "3Pcs Silvervine Catnip Balls, Edible Kitty Toys for Cats Lick, Safe Healthy Kitten Chew Toys",
    "href": "/ip/3Pcs-Silvervine-Catnip-Balls-Edible-Kitty-Toys-for-Cats-Lick-Safe-Healthy-Kitten-Chew-Toys/511006678?classType=REGULAR",
    "currentPrice": "current price $6.90",
    "pricePerOz": "N/A",
    "pickup": "Free shipping, arrives in 3+ days",
    "delivery": "N/A",
    "shipping": "N/A"
  },
  {
    "ioId": "5BHOXL8VWCP2",
    "linkIdentifier": "5881511863",
    "text": "PULMCheerger Fun and Entertaining Cat Grass Chewables Wheatgrass Perfect for Indoor Treat 50g Cat Grass Snacks Anti-Hairball Cat Snacks Treats I7L4",
    "href": "/ip/PULMCheerger-Fun-and-Entertaining-Cat-Grass-Chewables-Wheatgrass-Perfect-for-Indoor-Treat-50g-Cat-Grass-Snacks-Anti-Hairball-Cat-Snacks-Treats-I7L4/5881511863?classType=REGULAR",
    "currentPrice": "current price $9.40",
    "pricePerOz": "N/A",
    "pickup": "Free shipping, arrives in 3+ days",
    "delivery": "N/A",
    "shipping": "N/A"
  },
  {
    "ioId": "4XGGJ02CY3IC",
    "linkIdentifier": "5071740631",
    "text": "1 LB Catnip Bag",
    "href": "/ip/1-LB-Catnip-Bag/5071740631?classType=REGULAR",
    "currentPrice": "current price $19.99",
    "pricePerOz": "+$4.00 shipping",
    "pickup": "Shipping, arrives in 3+ days",
    "delivery": "N/A",
    "shipping": "N/A"
  },
  {
    "ioId": "7H8JIJ39VX53",
    "linkIdentifier": "934977741",
    "text": "Fruitables Cat Treats Made with Real Salmon and Cranberry 30 Ounces",
    "href": "/ip/Fruitables-Cat-Treats-Made-with-Real-Salmon-and-Cranberry-30-Ounces/934977741?classType=REGULAR",
    "currentPrice": "current price $26.99",
    "pricePerOz": "90.0 ¢/oz",
    "pickup": "Free shipping, arrives in 3+ days",
    "delivery": "N/A",
    "shipping": "N/A"
  },
  {
    "ioId": "296N73MUGCLC",
    "linkIdentifier": "1803430590",
    "text": "Under the Weather Pet | Calming Powder for Cats | Natural Anxiety and Stress Relief Cat Supplement",
    "href": "/ip/Under-the-Weather-Pet-Calming-Powder-for-Cats-Natural-Anxiety-and-Stress-Relief-Cat-Supplement/1803430590?classType=REGULAR",
    "currentPrice": "current price $21.99",
    "pricePerOz": "N/A",
    "pickup": "Shipping, arrives in 2 days",
    "delivery": "N/A",
    "shipping": "N/A"
  },
  {
    "ioId": "1TAOIX9RYS9T",
    "linkIdentifier": "46156954",
    "text": "Puretr 789030 0.92 oz PureBites Freeze Dried Turkey Breast Cat Treats",
    "href": "/ip/PureBites-Freeze-Dried-Cat-Treats-Turkey-Breast-0-92-oz/46156954?classType=REGULAR",
    "currentPrice": "current price $9.69",
    "pricePerOz": "N/A",
    "pickup": "Free shipping, arrives in 3+ days",
    "delivery": "N/A",
    "shipping": "N/A"
  },
  {
    "ioId": "4PK81UY8UYY0",
    "linkIdentifier": "274931020",
    "text": "Orijen Six Fish Biologically Appropriate Freeze Dried Cat Treats, 1.25 oz",
    "href": "/ip/Orijen-Six-Fish-Biologically-Appropriate-Freeze-Dried-Cat-Treats-1-25-oz/274931020?classType=REGULAR",
    "currentPrice": "current price $11.85",
    "pricePerOz": "47.4 ¢/oz",
    "pickup": "Free shipping, arrives in 3+ days",
    "delivery": "N/A",
    "shipping": "N/A"
  },
  {
    "ioId": "4M8F48K9I0C6",
    "linkIdentifier": "1359909732",
    "text": "Delectables Squeeze Ups Chicken Flavor (2-PACKS) 4- Individual Tubes in Each pack",
    "href": "/ip/Delectables-Squeeze-Ups-Chicken-Flavor-2-PACKS-4-Individual-Tubes-in-Each-pack/1359909732?classType=REGULAR",
    "currentPrice": "current price $9.80",
    "pricePerOz": "N/A",
    "pickup": "Free shipping, arrives in 3+ days",
    "delivery": "N/A",
    "shipping": "N/A"
  },
  {
    "ioId": "3A6TTGLCGVU1",
    "linkIdentifier": "3111095662",
    "text": "Vitakraft PurrSticks Chicken & Salmon Treats for Cats [Cat, Cat Treats] 6 count",
    "href": "/ip/Vitakraft-PurrSticks-Chicken-Salmon-Treats-for-Cats-Cat-Cat-Treats-6-count/3111095662?classType=REGULAR",
    "currentPrice": "current price $14.97",
    "pricePerOz": "N/A",
    "pickup": "Free shipping, arrives in 3+ days",
    "delivery": "N/A",
    "shipping": "N/A"
  },
  {
    "ioId": "20JOQZ0AGQNA",
    "linkIdentifier": "2250213442",
    "text": "Temptations Classic Tantalizing Turkey Flavor Crunchy And Soft Dry Cat Treats, 6.3 Oz Pouch",
    "href": "/ip/Temptations-Classic-Tantalizing-Turkey-Flavor-Crunchy-And-Soft-Dry-Cat-Treats-6-3-Oz-Pouch/2250213442?classType=REGULAR",
    "currentPrice": "current price $9.20",
    "pricePerOz": "19.2 ¢/oz",
    "pickup": "Free shipping, arrives in 3+ days",
    "delivery": "N/A",
    "shipping": "N/A"
  },
  {
    "ioId": "4UYXBVW8CWAF",
    "linkIdentifier": "3363305",
    "text": "Smarty Kat 100% Certified Organic Catnip, 1 Oz",
    "href": "/ip/SmartyKat-Certified-Organic-Catnip-1-oz-Pouch/3363305?classType=REGULAR",
    "currentPrice": "N/A",
    "pricePerOz": "N/A",
    "pickup": "Free shipping, arrives in 3+ days",
    "delivery": "N/A",
    "shipping": "N/A"
  },
  {
    "ioId": "45YY6VMEX2I0",
    "linkIdentifier": "5031395874",
    "text": "HartzDelectables Lickable Wet Bisque Cat Treats, Chicken - 1.4oz, One Pouch Non-Seafood",
    "href": "/ip/HartzDelectables-Lickable-Wet-Bisque-Cat-Treats-Chicken-1-4oz-One-Pouch-Non-Seafood/5031395874?classType=VARIANT",
    "currentPrice": "current price $1.98",
    "pricePerOz": "+$3.99 shipping",
    "pickup": "Shipping, arrives in 3+ days",
    "delivery": "N/A",
    "shipping": "N/A"
  },
  {
    "ioId": "0W2N1BE6YMMW",
    "linkIdentifier": "11374467192",
    "text": "Hartz Delectables Savory Broths Senior 10+ Chicken & Tuna Lickable Cat Treat, 12 Pack SHC126",
    "href": "/ip/Hartz-Delectables-Savory-Broths-Senior-10-Chicken-Tuna-Lickable-Cat-Treat-12-Pack-SHC126/11374467192?classType=REGULAR",
    "currentPrice": "current price $22.50",
    "pricePerOz": "N/A",
    "pickup": "Free shipping, arrives in 3+ days",
    "delivery": "N/A",
    "shipping": "N/A"
  },
  {
    "ioId": "2177WGO2BBOA",
    "linkIdentifier": "43430142",
    "text": "NaturVet Quiet Moments Calming Aid Plus Melatonin for Cats, 50 soft chews",
    "href": "/ip/NaturVet-Quiet-Moments-Calming-Aid-Plus-Melatonin-for-Cats-50-soft-chews/43430142?classType=REGULAR",
    "currentPrice": "N/A",
    "pricePerOz": "N/A",
    "pickup": "Free shipping, arrives in 3+ days",
    "delivery": "N/A",
    "shipping": "N/A"
  },
  {
    "ioId": "70TOKQMLFB2F",
    "linkIdentifier": "25176547",
    "text": "KONG Naturals Premium Catnip, 2 Oz",
    "href": "/ip/KONG-Naturals-Premium-Catnip-2-Oz/25176547?classType=REGULAR",
    "currentPrice": "current price $18.99",
    "pricePerOz": "N/A",
    "pickup": "Free shipping, arrives in 3+ days",
    "delivery": "N/A",
    "shipping": "N/A"
  },
  {
    "ioId": "58FH5NM5VL1H",
    "linkIdentifier": "752779121",
    "text": "Meow Mix 'Treat the Chicken Lover' Bundle",
    "href": "/ip/Meow-Mix-apos-Treat-the-Chicken-Lover-apos-Bundle/752779121?classType=REGULAR",
    "currentPrice": "current price $16.06",
    "pricePerOz": "$23.10",
    "pickup": "N/A",
    "delivery": "N/A",
    "shipping": "N/A"
  },
  {
    "ioId": "3B1MUZ7A7ODC",
    "linkIdentifier": "1390288115",
    "text": "Greenies SmartBites Healthy Indoor Chicken Flavor Cat Treats [Cat, Cat Treats] 2.1 oz",
    "href": "/ip/Greenies-SmartBites-Healthy-Indoor-Chicken-Flavor-Cat-Treats-Cat-Cat-Treats-2-1-oz/1390288115?classType=undefined",
    "currentPrice": "N/A",
    "pricePerOz": "N/A",
    "pickup": "N/A",
    "delivery": "N/A",
    "shipping": "N/A"
  },
  {
    "ioId": "5FZJ8UAIRTQC",
    "linkIdentifier": "46305469",
    "text": "Wholistic Pet Organics Colostrum Powder Immune Support Dog Supplement, 2 Oz",
    "href": "/ip/Wholistic-Pet-Colostrum-3Oz/46305469?classType=undefined",
    "currentPrice": "N/A",
    "pricePerOz": "N/A",
    "pickup": "N/A",
    "delivery": "N/A",
    "shipping": "N/A"
  },
  {
    "ioId": "41XFXTBCSH35",
    "linkIdentifier": "5939858508",
    "text": "Hartz Delectables Squeeze up Lickable Treat Size: Pack of 16 (64 tubes) Flavor: Tuna",
    "href": "/ip/Hartz-Delectables-Squeeze-up-Lickable-Treat-Size-Pack-of-16-64-tubes-Flavor-Tuna/5939858508?classType=REGULAR",
    "currentPrice": "current price $49.99",
    "pricePerOz": "N/A",
    "pickup": "N/A",
    "delivery": "N/A",
    "shipping": "N/A"
  },
  {
    "ioId": "3BEZZY3254HE",
    "linkIdentifier": "1097701835",
    "text": "Purina Friskies Party Mix Cat Treats, Natural Yums with Added Vitamins, Minerals & Nutrients, Made with Real Tuna, 2.1-Ounce Resealable Pouch (Pack of 6)",
    "href": "/ip/Purina-Friskies-Party-Mix-Cat-Treats-Natural-Yums-Added-Vitamins-Minerals-Nutrients-Made-Real-Tuna-2-1-Ounce-Resealable-Pouch-Pack-6/1097701835?classType=VARIANT",
    "currentPrice": "current price $18.66",
    "pricePerOz": "N/A",
    "pickup": "Free shipping, arrives in 3+ days",
    "delivery": "N/A",
    "shipping": "N/A"
  },
  {
    "ioId": "356JJZ6H6XIF",
    "linkIdentifier": "670544507",
    "text": "From The Field Silver Vine And Catnip Mix Ultimate Blend 2 Oz Tub",
    "href": "/ip/From-The-Field-Silver-Vine-And-Catnip-Mix-Ultimate-Blend-2-Oz-Tub/670544507?classType=REGULAR",
    "currentPrice": "N/A",
    "pricePerOz": "N/A",
    "pickup": "Free shipping, arrives in 3+ days",
    "delivery": "N/A",
    "shipping": "N/A"
  },
  {
    "ioId": "6PY61SA56SXW",
    "linkIdentifier": "3406252762",
    "text": "Vital Essentials Freeze Dried Raw Cat Food, Rabbit Mini Nibs Entree, 8 oz",
    "href": "/ip/Freeze-Dried-Rabbit-Entree-Cat-Food-Mini-Nibs/3406252762?classType=VARIANT",
    "currentPrice": "current price $31.99",
    "pricePerOz": "N/A",
    "pickup": "Free shipping, arrives in 3+ days",
    "delivery": "N/A",
    "shipping": "N/A"
  },
  {
    "ioId": "76N53OOSTH8L",
    "linkIdentifier": "9008467261",
    "text": "Bonkers Crunchy and Soft Cat Treats Seafood & Eat It! Flavor 12oz Epic! 2 Pack",
    "href": "/ip/Bonkers-Crunchy-and-Soft-Cat-Treats-Seafood-Eat-It-Flavor-12oz-Epic-2-Pack/9008467261?classType=REGULAR",
    "currentPrice": "current price $39.90",
    "pricePerOz": "N/A",
    "pickup": "Free shipping, arrives in 3+ days",
    "delivery": "N/A",
    "shipping": "N/A"
  },
  {
    "ioId": "5W3VFRTBDUJT",
    "linkIdentifier": "1626986342",
    "text": "Beefeaters Lickables Chicken Puree Recipe Cat Treat, Lickable Squeezable No Sugar Added Wet Feline Treats for Snacks Rewards Training Treating Keep Animal Teeth Healthy & Strong 3ct Pack of 3",
    "href": "/ip/Beefeaters-Lickables-Chicken-Puree-Recipe-Cat-Treat-Lickable-Squeezable-No-Sugar-Added-Wet-Feline-Treats-Snacks-Rewards-Training-Treating-Keep-Animal/1626986342?classType=REGULAR",
    "currentPrice": "current price $10.99",
    "pricePerOz": "N/A",
    "pickup": "Shipping, arrives in 2 days",
    "delivery": "N/A",
    "shipping": "N/A"
  },
  {
    "ioId": "22H937ZTN6PH",
    "linkIdentifier": "14881015390",
    "text": "Temptations Creamy Puree with Chicken, Salmon, and Tuna Variety Pack of Lickable, Squeezable Cat Treats, 0.425 Oz Pouches, 24 Count",
    "href": "/ip/Temptations-Creamy-Puree-with-Chicken-Salmon-and-Tuna-Variety-Pack-of-Lickable-Squeezable-Cat-Treats-0-425-Oz-Pouches-24-Count/14881015390?classType=REGULAR",
    "currentPrice": "current price $22.00",
    "pricePerOz": "N/A",
    "pickup": "Free shipping, arrives in 3+ days",
    "delivery": "N/A",
    "shipping": "N/A"
  },
  {
    "ioId": "3V7G8OZVYCWY",
    "linkIdentifier": "48299102",
    "text": "Catnip Garden Bubbles - 5oz.",
    "href": "/ip/MultiPet-Catnip-Garden-Catnip-Bubbles-Cat-Treats-5-Oz/48299102?classType=REGULAR",
    "currentPrice": "current price $14.00",
    "pricePerOz": "N/A",
    "pickup": "Free shipping, arrives in 3+ days",
    "delivery": "N/A",
    "shipping": "N/A"
  },
  {
    "ioId": "23R5GANTPO2X",
    "linkIdentifier": "14423402813",
    "text": "MerlinsMart Zine + Purina Whisker Lickin's Crunchy Tuna Cat Treats - 10 Count (1.7 Ounces) + Catnip Toy",
    "href": "/ip/MerlinsMart-Zine-Purina-Whisker-Lickin-s-Crunchy-Tuna-Cat-Treats-10-Count-1-7-Ounces-Catnip-Toy/14423402813?classType=REGULAR",
    "currentPrice": "current price $33.11",
    "pricePerOz": "N/A",
    "pickup": "Shipping, arrives in 2 days",
    "delivery": "N/A",
    "shipping": "N/A"
  },
  {
    "ioId": "681DWQATMBL0",
    "linkIdentifier": "5804940439",
    "text": "The Cat Ladies Cat Grass Growing kit with Organic Cat Grass Seed, Soil and Two Ceramic Planters with Bamboo Trays Natural Hairball Remedy",
    "href": "/ip/The-Cat-Ladies-Cat-Grass-Growing-kit-with-Organic-Cat-Grass-Seed-Soil-and-Two-Ceramic-Planters-with-Bamboo-Trays-Natural-Hairball-Remedy/5804940439?classType=REGULAR",
    "currentPrice": "current price $25.99",
    "pricePerOz": "N/A",
    "pickup": "Shipping, arrives in 2 days",
    "delivery": "N/A",
    "shipping": "N/A"
  },
  {
    "ioId": "5J3YU6GN4NKX",
    "linkIdentifier": "1166501960",
    "text": "Pounce Tarter Control Crunchy Tuna Flavored Cat Treats, 2.1-oz. Tasty Snack for Your Cats - Pack of 2",
    "href": "/ip/Pounce-Tarter-Control-Crunchy-Tuna-Flavored-Cat-Treats-2-1-oz-Tasty-Snack-for-Your-Cats-Pack-of-2/1166501960?classType=REGULAR",
    "currentPrice": "current price $10.99",
    "pricePerOz": "N/A",
    "pickup": "Free shipping, arrives in 3+ days",
    "delivery": "N/A",
    "shipping": "N/A"
  },
  {
    "ioId": "4OJOZPSLGC9W",
    "linkIdentifier": "8176953524",
    "text": "Delectables Bisque Non-Seafood Lickable YPF5Wet Cat Treats, Variety Pack, 12 Count (Pack of 1)",
    "href": "/ip/Delectables-Bisque-Non-Seafood-Lickable-YPF5-nbsp-Wet-Cat-Treats-Variety-Pack-12-Count-Pack-of-1/8176953524?classType=REGULAR",
    "currentPrice": "current price $11.40",
    "pricePerOz": "+$9.98 shipping",
    "pickup": "Shipping, arrives in 3+ days",
    "delivery": "N/A",
    "shipping": "N/A"
  },
  {
    "ioId": "3SXMV5L3AN51",
    "linkIdentifier": "12161319511",
    "text": "Blue Buffalo Bursts Crunchy & HYZ01 Creamy Cat Treats, Great for Training, Savory Seafood, 12-oz. Tub",
    "href": "/ip/Blue-Buffalo-Bursts-Crunchy-HYZ01-Creamy-Cat-Treats-Great-for-Training-Savory-Seafood-12-oz-Tub/12161319511?classType=REGULAR",
    "currentPrice": "current price $9.99",
    "pricePerOz": "+$6.00 shipping",
    "pickup": "Shipping, arrives in 3+ days",
    "delivery": "N/A",
    "shipping": "N/A"
  },
  {
    "ioId": "5MAH2N6SXHKZ",
    "linkIdentifier": "5573801654",
    "text": "Hartz Delectables Lickable Spoon, Interactive Lickable Cat Treats for Quick & Easy Bonding, Chicken 32ct",
    "href": "/ip/Hartz-Delectables-Lickable-Spoon-Interactive-Lickable-Cat-Treats-for-Quick-Easy-Bonding-Chicken-32ct/5573801654?classType=REGULAR",
    "currentPrice": "current price Now $32.00",
    "pricePerOz": "$43.00",
    "pickup": "Shipping, arrives in 3+ days",
    "delivery": "N/A",
    "shipping": "N/A"
  },
  {
    "ioId": "2Z8BZF2JQCK8",
    "linkIdentifier": "2669179982",
    "text": "Blue Buffalo Wilderness Grain-Free Soft-Moist Chicken & Salmon Recipe [Cat, Cat Treats] 2 oz",
    "href": "/ip/Blue-Buffalo-Wilderness-Grain-Free-Soft-Moist-Chicken-Salmon-Recipe-Cat-Cat-Treats-2-oz/2669179982?classType=REGULAR",
    "currentPrice": "current price $4.47",
    "pricePerOz": "N/A",
    "pickup": "Free shipping, arrives in 3+ days",
    "delivery": "N/A",
    "shipping": "N/A"
  },
  {
    "ioId": "3PKB90OHNHTG",
    "linkIdentifier": "1972837980",
    "text": "Meow Mix Ocean Explosion Cat Treats, 2.1-oz. (3 Bags)",
    "href": "/ip/Meow-Mix-Ocean-Explosion-Cat-Treats-2-1-oz-3-Bags/1972837980?classType=REGULAR",
    "currentPrice": "current price $13.60",
    "pricePerOz": "N/A",
    "pickup": "Free shipping, arrives in 3+ days",
    "delivery": "N/A",
    "shipping": "N/A"
  },
  {
    "ioId": "36T72UNHLVKM",
    "linkIdentifier": "11234819709",
    "text": "Viva la Kitty Chicken and Shrimp Cat Appetizer Treat 1.1oz (Pack of 12)",
    "href": "/ip/Viva-la-Kitty-Chicken-and-Shrimp-Cat-Appetizer-Treat-1-1oz-Pack-of-12/11234819709?classType=REGULAR",
    "currentPrice": "current price $34.95",
    "pricePerOz": "N/A",
    "pickup": "Free shipping, arrives in 3+ days",
    "delivery": "N/A",
    "shipping": "N/A"
  },
  {
    "ioId": "14ZC4H3CPE5C",
    "linkIdentifier": "930953464",
    "text": "The New Zealand Natural Pet Food Co. Meow Freeze-Dried Cat Food Wild Venison, 9.9 oz",
    "href": "/ip/The-New-Zealand-Natural-Pet-Food-Co-Meow-Freeze-Dried-Cat-Food-Wild-Venison-9-9-oz/930953464?classType=VARIANT",
    "currentPrice": "current price $35.99",
    "pricePerOz": "N/A",
    "pickup": "Free shipping, arrives in 3+ days",
    "delivery": "N/A",
    "shipping": "N/A"
  },
  {
    "ioId": "10GL15SUSH5W",
    "linkIdentifier": "5395474077",
    "text": "Meow Mix Irresistibles Cat Treat 3oz, Asst Flavor",
    "href": "/ip/Meow-Mix-Irresistibles-Cat-Treat-3oz-Asst-Flavor/5395474077?classType=VARIANT",
    "currentPrice": "current price $14.90",
    "pricePerOz": "N/A",
    "pickup": "Free shipping, arrives in 3+ days",
    "delivery": "N/A",
    "shipping": "N/A"
  },
  {
    "ioId": "1P2P6KP2MIC1",
    "linkIdentifier": "14838159769",
    "text": "Hartz Delectables Non-Seafood Stew Lickable Wet Cat Treats, Chicken & Beef, 1.4 Ounce (Pack of 12)",
    "href": "/ip/Hartz-Delectables-Non-Seafood-Stew-Lickable-Wet-Cat-Treats-Chicken-Beef-1-4-Ounce-Pack-of-12/14838159769?classType=REGULAR",
    "currentPrice": "current price $15.99",
    "pricePerOz": "+$9.98 shipping",
    "pickup": "Shipping, arrives in 3+ days",
    "delivery": "N/A",
    "shipping": "N/A"
  },
  {
    "ioId": "0TEIFUP6E272",
    "linkIdentifier": "7784570769",
    "text": "Delectables Non-Seafood Stew Lickable Wet Cat Treats, Variety Pack, 1.4 Ounce (Pack of 12) KK21 KK21",
    "href": "/ip/Delectables-Non-Seafood-Stew-Lickable-Wet-Cat-Treats-Variety-Pack-1-4-Ounce-Pack-of-12-KK21-KK21/7784570769?classType=REGULAR",
    "currentPrice": "current price Now $12.94",
    "pricePerOz": "$14.99",
    "pickup": "Shipping, arrives in 3+ days",
    "delivery": "N/A",
    "shipping": "N/A"
  },
  {
    "ioId": "63SVK28KDITG",
    "linkIdentifier": "14897505466",
    "text": "Delectables Bisque Lickable Wet Cat Treats - Chicken, Tuna & Shrimp, 12 count E11",
    "href": "/ip/Delectables-Bisque-Lickable-Wet-Cat-Treats-Chicken-Tuna-Shrimp-12-count-E11/14897505466?classType=REGULAR&athbdg=L1600",
    "currentPrice": "current price $22.92",
    "pricePerOz": "N/A",
    "pickup": "Free shipping, arrives in 3+ days",
    "delivery": "N/A",
    "shipping": "N/A"
  },
  {
    "ioId": "3VA7UPKUOVFB",
    "linkIdentifier": "834434909",
    "text": "Organic Cat Grass Kit (Cat Salad) Organic Greens, Eco-Friendly, Brand: The Rude Kitty",
    "href": "/ip/Organic-Cat-Grass-Kit-Cat-Salad-Organic-Greens-Eco-Friendly-Brand-The-Rude-Kitty/834434909?classType=REGULAR",
    "currentPrice": "current price $17.50",
    "pricePerOz": "N/A",
    "pickup": "Shipping, arrives in 2 days",
    "delivery": "N/A",
    "shipping": "N/A"
  },
  {
    "ioId": "1TN8K27CAZ5Y",
    "linkIdentifier": "5428000015",
    "text": "Buodes Deals Clearance Under 5 Herbal Cats Catnip Spray For Cats Scratching Spray Mist Herbal Cats Spray Transparent Cats Behaviour Spray Space For Your Cats 100Ml",
    "href": "/ip/Buodes-Deals-Clearance-Under-5-Herbal-Cats-Catnip-Spray-For-Scratching-Mist-Transparent-Behaviour-Space-Your-100Ml/5428000015?classType=VARIANT",
    "currentPrice": "current price $5.04",
    "pricePerOz": "+$2.00 shipping",
    "pickup": "Shipping, arrives in 3+ days",
    "delivery": "N/A",
    "shipping": "N/A"
  },
  {
    "ioId": "1NYVU8C9UDSM",
    "linkIdentifier": "3497712985",
    "text": "JSC Meow Mix Ocean Explosion Treats Irresistible Dry Fish & Tuna Shaped Bite-Sized Feline Food Crunchy Treats Tartar Control Treats Never Frozen Delighting Irresistible Fresh Original Choice (3 Pack)",
    "href": "/ip/JSC-Meow-Mix-Ocean-Explosion-Treats-Irresistible-Dry-Fish-Tuna-Shaped-Bite-Sized-Feline-Food-Crunchy-Tartar-Control-Never-Frozen-Delighting-Fresh-Ori/3497712985?classType=REGULAR",
    "currentPrice": "current price $13.97",
    "pricePerOz": "N/A",
    "pickup": "Free shipping, arrives in 3+ days",
    "delivery": "N/A",
    "shipping": "N/A"
  },
  {
    "ioId": "6498SJ9PWH1G",
    "linkIdentifier": "14593114504",
    "text": "MerlinsMart Zine + Blue Buffalo Bursts Natural Treats for Cats Variety Pack | (1) Each: Liver Beef, Seafood, Chicken (2 Ounces) + Catnip Toy",
    "href": "/ip/MerlinsMart-Zine-Blue-Buffalo-Bursts-Natural-Treats-for-Cats-Variety-Pack-1-Each-Liver-Beef-Seafood-Chicken-2-Ounces-Catnip-Toy/14593114504?classType=REGULAR",
    "currentPrice": "current price $24.95",
    "pricePerOz": "N/A",
    "pickup": "Shipping, arrives in 2 days",
    "delivery": "N/A",
    "shipping": "N/A"
  },
  {
    "ioId": "628ALVUSZM11",
    "linkIdentifier": "2386508906",
    "text": "West Coast Pet Products Catnip (2 oz Coarse Cut) Premium Grade Canadian Catnip - Cat Nip Treat",
    "href": "/ip/West-Coast-Pet-Products-Catnip-2-oz-Coarse-Cut-Premium-Grade-Canadian-Catnip-Cat-Nip-Treat/2386508906?classType=REGULAR",
    "currentPrice": "current price $8.49",
    "pricePerOz": "N/A",
    "pickup": "Free shipping, arrives in 3+ days",
    "delivery": "N/A",
    "shipping": "N/A"
  },
  {
    "ioId": "68E2FLH6UUG1",
    "linkIdentifier": "820923713",
    "text": "Purina Kit & Kaboodle Crunchy Cat Treats, Chicken, 9 oz Bag",
    "href": "/ip/Purina-Kit-Kaboodle-Cat-Treats-Crunchy-Chicken-Flavor-4-9-oz-Pouches/820923713?classType=REGULAR",
    "currentPrice": "current price $16.00",
    "pricePerOz": "44.4 ¢/oz",
    "pickup": "Free shipping, arrives in 3+ days",
    "delivery": "N/A",
    "shipping": "N/A"
  },
  {
    "ioId": "49KP1YBSYNRA",
    "linkIdentifier": "5253928743",
    "text": "Feastfuls Freeze Dried Chicken Breast Cat Treats (3oz) - 100% Chicken, Only 1 Ingredient, Made in USA",
    "href": "/ip/Feastfuls-Freeze-Dried-Chicken-Breast-Cat-Treats-3oz-100-Chicken-Only-1-Ingredient-Made-in-USA/5253928743?classType=REGULAR",
    "currentPrice": "current price $18.97",
    "pricePerOz": "N/A",
    "pickup": "Shipping, arrives in 2 days",
    "delivery": "N/A",
    "shipping": "N/A"
  },
  {
    "ioId": "720QEQ03MTRD",
    "linkIdentifier": "2352141054",
    "text": "TEMPTATIONS Classic Crunchy and Soft Cat Treats Tasty Chicken Flavor",
    "href": "/ip/TEMPTATIONS-Classic-Crunchy-and-Soft-Cat-Treats-Tasty-Chicken-Flavor/2352141054?classType=REGULAR",
    "currentPrice": "current price $9.80",
    "pricePerOz": "N/A",
    "pickup": "Free shipping, arrives in 3+ days",
    "delivery": "N/A",
    "shipping": "N/A"
  },
  {
    "ioId": "29ALOEQPJOKG",
    "linkIdentifier": "5334786685",
    "text": "West Coast Pet Products Catnip (16 oz Fine Cut) Premium Grade Canadian Catnip - Cat Nip Treat",
    "href": "/ip/West-Coast-Pet-Products-Catnip-16-oz-Fine-Cut-Premium-Grade-Canadian-Catnip-Cat-Nip-Treat/5334786685?classType=REGULAR",
    "currentPrice": "current price $29.49",
    "pricePerOz": "N/A",
    "pickup": "Free shipping, arrives in 3+ days",
    "delivery": "N/A",
    "shipping": "N/A"
  },
  {
    "ioId": "1W6Y8KKEA0A3",
    "linkIdentifier": "48291145",
    "text": "Multipet Catnip Garden Mist, Catnip Spray, Cat Toy, 4 oz Spray Bottle",
    "href": "/ip/Multipet-Catnip-Garden-Mist-Catnip-Spray-Cat-Toy-4-oz-Spray-Bottle/48291145?classType=REGULAR",
    "currentPrice": "current price Now $11.90",
    "pricePerOz": "$14.90",
    "pickup": "Free shipping, arrives in 3+ days",
    "delivery": "N/A",
    "shipping": "N/A"
  },
  {
    "ioId": "6TFKHSU0T2O0",
    "linkIdentifier": "14930853321",
    "text": "Temptations Creamy Puree with Chicken, Salmon, and Tuna Variety Pack of Lickable, Squeezable Cat Treats, 0.42 Oz Pouches, 48 Count C45",
    "href": "/ip/Temptations-Creamy-Puree-with-Chicken-Salmon-and-Tuna-Variety-Pack-of-Lickable-Squeezable-Cat-Treats-0-42-Oz-Pouches-48-Count-C45/14930853321?classType=REGULAR",
    "currentPrice": "N/A",
    "pricePerOz": "N/A",
    "pickup": "Free shipping, arrives in 3+ days",
    "delivery": "N/A",
    "shipping": "N/A"
  },
  {
    "ioId": "2XK24WALYKKW",
    "linkIdentifier": "1295704335",
    "text": "Friskies Cat Treats, Party Mix Crunch Wild West, 2.1 oz. Pouch - 3 Pack",
    "href": "/ip/Friskies-3-Pack-Cat-Treats-Party-Mix-Crunch-Wild-West-2-1-oz-Pouches/1295704335?classType=REGULAR",
    "currentPrice": "N/A",
    "pricePerOz": "N/A",
    "pickup": "Free shipping, arrives in 3+ days",
    "delivery": "N/A",
    "shipping": "N/A"
  },
  {
    "ioId": "4SE4MDEQP4I8",
    "linkIdentifier": "3844900612",
    "text": "Beefeaters Lickables Puree Recipe Cat Treat Variety Pack, Lickable Squeezable No Sugar Added Wet Feline Treats for Snacks Rewards Training Treating Keep Animal Teeth Healthy & Strong 3ct Pack of 3",
    "href": "/ip/Beefeaters-Lickables-Puree-Recipe-Cat-Treat-Variety-Pack-Lickable-Squeezable-No-Sugar-Added-Wet-Feline-Treats-Snacks-Rewards-Training-Treating-Keep-A/3844900612?classType=REGULAR",
    "currentPrice": "current price $12.99",
    "pricePerOz": "N/A",
    "pickup": "Free shipping, arrives in 3+ days",
    "delivery": "N/A",
    "shipping": "N/A"
  },
  {
    "ioId": "6EK8CAA62U15",
    "linkIdentifier": "398171501",
    "text": "West Coast Pet Products Catnip (8 oz Coarse Cut) Premium Grade Canadian Catnip - Cat Nip Treat",
    "href": "/ip/West-Coast-Pet-Products-Catnip-8-oz-Coarse-Cut-Premium-Grade-Canadian-Catnip-Cat-Nip-Treat/398171501?classType=REGULAR",
    "currentPrice": "current price $17.49",
    "pricePerOz": "N/A",
    "pickup": "Free shipping, arrives in 3+ days",
    "delivery": "N/A",
    "shipping": "N/A"
  },
  {
    "ioId": "3F5Z1BOCL4HI",
    "linkIdentifier": "9764474950",
    "text": "Meow Mix Irresistibles Soft Cat Treats, Salmon, 3 Ounce (Pack of 5) SHC10",
    "href": "/ip/Meow-Mix-Irresistibles-Soft-Cat-Treats-Salmon-3-Ounce-Pack-of-5-SHC10/9764474950?classType=REGULAR",
    "currentPrice": "current price $10.50",
    "pricePerOz": "+$4.00 shipping",
    "pickup": "Shipping, arrives in 3+ days",
    "delivery": "N/A",
    "shipping": "N/A"
  },
  {
    "ioId": "70TOKQMLFB2F",
    "linkIdentifier": "25176547",
    "text": "KONG Naturals Premium Catnip, 2 Oz",
    "href": "/ip/KONG-Naturals-Premium-Catnip-2-Oz/25176547?classType=REGULAR",
    "currentPrice": "current price $18.99",
    "pricePerOz": "N/A",
    "pickup": "Free shipping, arrives in 3+ days",
    "delivery": "N/A",
    "shipping": "N/A"
  },
  {
    "ioId": "2KRHNA5GC49M",
    "linkIdentifier": "624101473",
    "text": "Temptations Tasty Chicken Flavor Cat Treats 6.3 oz (Pack of 24)",
    "href": "/ip/Temptations-Chicken-Flavor-Cat-Treats-Pack-of-24/624101473?classType=REGULAR",
    "currentPrice": "current price $116.06",
    "pricePerOz": "N/A",
    "pickup": "N/A",
    "delivery": "N/A",
    "shipping": "N/A"
  },
  {
    "ioId": "2BNKY5IUKHK6",
    "linkIdentifier": "493128173",
    "text": "Genwiss Cat Sticks,Cat Chew Sticks(60pcs)Catnip Stick,Matatabi Sticks,Cat Chew Toys",
    "href": "/ip/Genwiss-Cat-Sticks-Cat-Chew-Sticks-60pcs-Catnip-Stick-Matatabi-Sticks-Cat-Chew-Toys/493128173?classType=REGULAR",
    "currentPrice": "current price $14.99",
    "pricePerOz": "N/A",
    "pickup": "N/A",
    "delivery": "N/A",
    "shipping": "N/A"
  },
  {
    "ioId": "1EQW32MZ3X7D",
    "linkIdentifier": "1727022914",
    "text": "Shameless Pets Catnip Treats - Crunchy Cat Calming Treats with Digestive Support, Catnip N Chill",
    "href": "/ip/Shameless-Pets-Catnip-Treats-Crunchy-Cat-Calming-Treats-with-Digestive-Support-Catnip-N-Chill/1727022914?classType=REGULAR",
    "currentPrice": "current price $36.96",
    "pricePerOz": "N/A",
    "pickup": "N/A",
    "delivery": "N/A",
    "shipping": "N/A"
  },
  {
    "ioId": "28G9YPGPQMW4",
    "linkIdentifier": "14855570817",
    "text": "Delectables Bisque Kitten Lickable Wet Cat Treats - Tuna & Chicken (pack of 12) ( Packaging May Vary )",
    "href": "/ip/Delectables-Bisque-Kitten-Lickable-Wet-Cat-Treats-Tuna-Chicken-pack-of-12-Packaging-May-Vary/14855570817?classType=REGULAR",
    "currentPrice": "current price Now $12.94",
    "pricePerOz": "$25.88",
    "pickup": "Shipping, arrives in 3+ days",
    "delivery": "N/A",
    "shipping": "N/A"
  },
  {
    "ioId": "4IXFAXS2LDAG",
    "linkIdentifier": "14852214547",
    "text": "Hartz Delectables Bisque Lickable Wet Cat Treats for Senior Cats, Senior Variety 12 Countt",
    "href": "/ip/Hartz-Delectables-Bisque-Lickable-Wet-Cat-Treats-for-Senior-Cats-Senior-Variety-12-Countt/14852214547?classType=REGULAR",
    "currentPrice": "N/A",
    "pricePerOz": "N/A",
    "pickup": "Free shipping, arrives in 3+ days",
    "delivery": "N/A",
    "shipping": "N/A"
  },
  {
    "ioId": "1VO3GPFED8DJ",
    "linkIdentifier": "2728336557",
    "text": "Vital Essentials Freeze Dried Raw Cat Treats, Minnows Treats for Cats, 0.5 oz",
    "href": "/ip/Freeze-Dried-Minnows-Cat-Treats/2728336557?classType=VARIANT",
    "currentPrice": "current price Now $7.99",
    "pricePerOz": "$12.89",
    "pickup": "Shipping, arrives in 3+ days",
    "delivery": "N/A",
    "shipping": "N/A"
  },
  {
    "ioId": "6AHNW4IMWGQR",
    "linkIdentifier": "5445640456",
    "text": "BeyondWhiskers Ocean Whitefish Soupy Soups Cat treat mix, Just Add Water 1 Container - 1.2 oz Sample",
    "href": "/ip/BeyondWhiskers-Ocean-Whitefish-Soupy-Soups-Cat-treat-mix-Just-Add-Water/5445640456?classType=VARIANT",
    "currentPrice": "current price $11.69",
    "pricePerOz": "N/A",
    "pickup": "Free shipping, arrives in 3+ days",
    "delivery": "N/A",
    "shipping": "N/A"
  },
  {
    "ioId": "4SR1HFIZZF09",
    "linkIdentifier": "2267225450",
    "text": "Temptation Mix Ups Crunchy and Soft Cat Treats, Catnip Fever Flavors with Meaty Center, No Artificial Flavors Control Tartar and Dental Health for Snacks Reward Cat Pal Goodies 6.3oz Pack of 2",
    "href": "/ip/Temptation-Mix-Ups-Crunchy-Soft-Cat-Treats-Catnip-Fever-Flavors-Meaty-Center-No-Artificial-Control-Tartar-Dental-Health-Snacks-Reward-Pal-Goodies-6-3/2267225450?classType=REGULAR",
    "currentPrice": "current price $11.90",
    "pricePerOz": "N/A",
    "pickup": "Free shipping, arrives in 3+ days",
    "delivery": "N/A",
    "shipping": "N/A"
  },
  {
    "ioId": "11N4TJK03N5K",
    "linkIdentifier": "1037883224",
    "text": "Blue Buffalo Bursts Cat Treats Paw-Lickin' Chicken, 2 oz",
    "href": "/ip/Blue-Buffalo-Bursts-Cat-Treats-Paw-Lickin-Chicken-2-oz/1037883224?classType=REGULAR",
    "currentPrice": "current price $7.99",
    "pricePerOz": "N/A",
    "pickup": "Free shipping, arrives in 3+ days",
    "delivery": "N/A",
    "shipping": "N/A"
  },
  {
    "ioId": "0RJ2TNJH0X7C",
    "linkIdentifier": "336770058",
    "text": "Friskies (3Pack) Cat Treats, Party Mix Picnic Crunch, 2.1 oz. Pouches",
    "href": "/ip/Friskies-3Pack-Cat-Treats-Party-Mix-Picnic-Crunch-2-1-oz-Pouches/336770058?classType=REGULAR",
    "currentPrice": "current price $21.09",
    "pricePerOz": "N/A",
    "pickup": "Free shipping, arrives in 3+ days",
    "delivery": "N/A",
    "shipping": "N/A"
  },
  {
    "ioId": "15TAXARRILOL",
    "linkIdentifier": "14857957511",
    "text": "Wellness Kittles Crunchy Natural Grain Free Cat Treats, Chicken & Cranberries Recipe, All Life Stages, 2-Ounce Bag",
    "href": "/ip/Wellness-Kittles-Crunchy-Natural-Grain-Free-Cat-Treats-Chicken-Cranberries-Recipe-All-Life-Stages-2-Ounce-Bag/14857957511?classType=REGULAR",
    "currentPrice": "current price $5.29",
    "pricePerOz": "N/A",
    "pickup": "Free shipping, arrives in 3+ days",
    "delivery": "N/A",
    "shipping": "N/A"
  },
  {
    "ioId": "6PN3PT303ESJ",
    "linkIdentifier": "26592987",
    "text": "FELINE GREENIES Dental Natural Cat Treats Savory Salmon Flavor, 2.5 oz. Pouch",
    "href": "/ip/FELINE-GREENIES-Dental-Natural-Cat-Treats-Savory-Salmon-Flavor-2-5-oz-Pouch/26592987?classType=REGULAR",
    "currentPrice": "current price $9.99",
    "pricePerOz": "$4.00/oz",
    "pickup": "Free shipping, arrives in 3+ days",
    "delivery": "N/A",
    "shipping": "N/A"
  },
  {
    "ioId": "5SU35IYIC6G3",
    "linkIdentifier": "118010380",
    "text": "Multipet Catnip Garden Catnip K-Cup, 12 pack, 4 Grams Each",
    "href": "/ip/Multipet-Catnip-Garden-Catnip-K-Cup-12-pack-4-Grams-Each/118010380?classType=VARIANT",
    "currentPrice": "current price $15.45",
    "pricePerOz": "N/A",
    "pickup": "Shipping, arrives tomorrow",
    "delivery": "N/A",
    "shipping": "N/A"
  },
  {
    "ioId": "2TAI0EXXRBLK",
    "linkIdentifier": "11970551769",
    "text": "Delectables Hartz Tuna and Whitefish, Chicken and Tuna, Tuna and Shrimp Variety Wet Cat Treats, 16.8 oz., 12 ct.",
    "href": "/ip/Delectables-Hartz-Tuna-and-Whitefish-Chicken-and-Tuna-Tuna-and-Shrimp-Variety-Wet-Cat-Treats-16-8-oz-12-ct/11970551769?classType=REGULAR",
    "currentPrice": "current price $25.99",
    "pricePerOz": "N/A",
    "pickup": "Free shipping, arrives in 3+ days",
    "delivery": "N/A",
    "shipping": "N/A"
  },
  {
    "ioId": "1KXCN6PVKWGJ",
    "linkIdentifier": "556486613",
    "text": "Emerald Pet Wholly Fish! Cat Treats Salmon Recipe - 00640-CFS",
    "href": "/ip/Emerald-Pet-Products-Inc-Wholly-Fish-Chicken-free-Cat-Treats-Salmon-3oz/556486613?classType=VARIANT",
    "currentPrice": "current price Now $7.87",
    "pricePerOz": "$9.07",
    "pickup": "Shipping, arrives in 2 days",
    "delivery": "N/A",
    "shipping": "N/A"
  },
  {
    "ioId": "6NF45A7XJEAX",
    "linkIdentifier": "34203689",
    "text": "FELINE GREENIES Dental Natural Cat Treats Savory Salmon Flavor, 5.5 oz. Pouch",
    "href": "/ip/Greenies-Savory-Salmon-Flavor-Dental-Cat-Treats-5-5-Oz/34203689?classType=VARIANT",
    "currentPrice": "current price Now $12.99",
    "pricePerOz": "$15.99",
    "pickup": "Free shipping, arrives in 3+ days",
    "delivery": "N/A",
    "shipping": "N/A"
  },
  {
    "ioId": "18K5DO42IK7Y",
    "linkIdentifier": "12391260907",
    "text": "Greenies Feline Adult Natural Dental Care Cat Treats Oven Roasted Chicken Flavor, 21 oz. Tub",
    "href": "/ip/Greenies-Feline-Adult-Natural-Dental-Care-Cat-Treats-Oven-Roasted-Chicken-Flavor-21-oz-Tub/12391260907?classType=REGULAR",
    "currentPrice": "N/A",
    "pricePerOz": "N/A",
    "pickup": "Free shipping, arrives in 3+ days",
    "delivery": "N/A",
    "shipping": "N/A"
  },
  {
    "ioId": "37DQLOY4K7KK",
    "linkIdentifier": "8946370851",
    "text": "Bonkers Crunchy and Soft Cat Treats Seafood & Eat it! Flavor 3oz - 3 Pack",
    "href": "/ip/Bonkers-Crunchy-and-Soft-Cat-Treats-Seafood-Eat-it-Flavor-3oz-3-Pack/8946370851?classType=REGULAR",
    "currentPrice": "current price $19.95",
    "pricePerOz": "N/A",
    "pickup": "Free shipping, arrives in 3+ days",
    "delivery": "N/A",
    "shipping": "N/A"
  },
  {
    "ioId": "66DTFHB0XGFD",
    "linkIdentifier": "1305771205",
    "text": "Catnip Balls Rotatable, Edible Kitty Toys for Cats Lick, Safe Healthy Kitten Chew Toys, Teeth Cleaning Dental Cat Toy, Cat Wall Treats",
    "href": "/ip/Catnip-Balls-Rotatable-Edible-Kitty-Toys-for-Cats-Lick-Safe-Healthy-Kitten-Chew-Toy/1305771205?classType=REGULAR",
    "currentPrice": "current price $6.87",
    "pricePerOz": "N/A",
    "pickup": "Free shipping, arrives in 3+ days",
    "delivery": "N/A",
    "shipping": "N/A"
  },
  {
    "ioId": "5QWZWQ6TOT0I",
    "linkIdentifier": "9052751659",
    "text": "Blue Buffalo Bursts Crunchy OIF8& Creamy Cat Treats, Great for Training, Paw-Lickin' Chicken, 12-oz. Tub",
    "href": "/ip/Blue-Buffalo-Bursts-Crunchy-OIF8-nbsp-Creamy-Cat-Treats-Great-for-Training-Paw-Lickin-Chicken-12-oz-Tub/9052751659?classType=REGULAR",
    "currentPrice": "N/A",
    "pricePerOz": "N/A",
    "pickup": "Free shipping, arrives in 3+ days",
    "delivery": "N/A",
    "shipping": "N/A"
  },
  {
    "ioId": "6YR2CXTE032E",
    "linkIdentifier": "14667100274",
    "text": "Oimmal Kidney Support for Cats - Bacon Flavor - Supports Healthy Kidney Function in Cats, Supports Regular Urination for Cats 2 oz (60 ml)",
    "href": "/ip/Oimmal-Kidney-Support-for-Cats-Bacon-Flavor-Supports-Healthy-Kidney-Function-in-Cats-Supports-Regular-Urination-for-Cats-2-oz-60-ml/14667100274?classType=VARIANT",
    "currentPrice": "current price Now $12.99",
    "pricePerOz": "$38.98",
    "pickup": "Free shipping, arrives in 3+ days",
    "delivery": "N/A",
    "shipping": "N/A"
  },
  {
    "ioId": "3WPNVX1VRHTS",
    "linkIdentifier": "1522409383",
    "text": "Get Naked Furball Relief Natural Cat Treats [Cat, Cat Treats] 2.5 oz",
    "href": "/ip/Get-Naked-Furball-Relief-Natural-Cat-Treats-Cat-Cat-Treats-2-5-oz/1522409383?classType=REGULAR",
    "currentPrice": "current price $12.40",
    "pricePerOz": "N/A",
    "pickup": "Free shipping, arrives in 3+ days",
    "delivery": "N/A",
    "shipping": "N/A"
  },
  {
    "ioId": "677KLIXYJEXV",
    "linkIdentifier": "14606521712",
    "text": "Delectables Non-Seafood Stew Lickable OIF8Wet Cat Treats, Chicken, 1.4 oz (Pack of 12)",
    "href": "/ip/Delectables-Non-Seafood-Stew-Lickable-MMF7-nbsp-Wet-Cat-Treats-Chicken-1-4-oz-Pack-of-12/14606521712?classType=REGULAR",
    "currentPrice": "N/A",
    "pricePerOz": "N/A",
    "pickup": "Free shipping, arrives in 3+ days",
    "delivery": "N/A",
    "shipping": "N/A"
  },
  {
    "ioId": "5BBPNIKLFL3Z",
    "linkIdentifier": "2281309731",
    "text": "West Coast Pet Products Catnip (2 oz Fine Cut) Premium Grade Canadian Catnip - Cat Nip Treat",
    "href": "/ip/West-Coast-Pet-Products-Catnip-2-oz-Fine-Cut-Premium-Grade-Canadian-Catnip-Cat-Nip-Treat/2281309731?classType=REGULAR",
    "currentPrice": "current price $8.49",
    "pricePerOz": "N/A",
    "pickup": "Free shipping, arrives in 3+ days",
    "delivery": "N/A",
    "shipping": "N/A"
  },
  {
    "ioId": "3SKLYRCN9EAU",
    "linkIdentifier": "370471135",
    "text": "Real Meat, AIr-Dried Jerky Treats, Free-Range, All-Natural Chicken Venison Cat Treat 3oz",
    "href": "/ip/Real-Meat-AIr-Dried-Jerky-Treats-Free-Range-All-Natural-Chicken-Venison-Cat-Treat-3oz/370471135?classType=VARIANT",
    "currentPrice": "current price $7.99",
    "pricePerOz": "N/A",
    "pickup": "Free shipping, arrives in 3+ days",
    "delivery": "N/A",
    "shipping": "N/A"
  },
  {
    "ioId": "261ODDBOW4K2",
    "linkIdentifier": "3712251704",
    "text": "Blue Buffalo Bursts Feline Seafood Flavour Cat Treats (Pack of 2)",
    "href": "/ip/Blue-Buffalo-Bursts-Feline-Seafood-Flavour-Cat-Treats-Pack-of-2/3712251704?classType=REGULAR",
    "currentPrice": "current price $20.40",
    "pricePerOz": "N/A",
    "pickup": "Free shipping, arrives in 3+ days",
    "delivery": "N/A",
    "shipping": "N/A"
  },
  {
    "ioId": "0T87AD5GEWIC",
    "linkIdentifier": "9621356308",
    "text": "Hartz Delectables Gravy Non-Seafood OIF8Lickable Wet Cat Treat & Food Topper, Chicken & Turkey, 12 Pack, 1.40 Ounce (Pack of 12)",
    "href": "/ip/Hartz-Delectables-Gravy-Non-Seafood-OIF8-nbsp-Lickable-Wet-Cat-Treat-Food-Topper-Chicken-Turkey-12-Pack-1-40-Ounce-Pack-of-12/9621356308?classType=REGULAR",
    "currentPrice": "current price Now $17.98",
    "pricePerOz": "$20.73",
    "pickup": "Free shipping, arrives in 3+ days",
    "delivery": "N/A",
    "shipping": "N/A"
  },
  {
    "ioId": "4RBLYCP38QM0",
    "linkIdentifier": "9892800674",
    "text": "Bonkers Seafood Flavor Crunchy Cat Treats, 6.3oz (Pack of 3)",
    "href": "/ip/Bonkers-Seafood-Flavor-Crunchy-Cat-Treats-6-3oz-Pack-of-3/9892800674?classType=REGULAR",
    "currentPrice": "current price $24.90",
    "pricePerOz": "N/A",
    "pickup": "Free shipping, arrives in 3+ days",
    "delivery": "N/A",
    "shipping": "N/A"
  },
  {
    "ioId": "3CI0HZ14WQKW",
    "linkIdentifier": "2462973049",
    "text": "LarasBundle Tiki Cat Stix Wet Mousse Single Serve Lickable Treats | All 6 Flavors | 36 Stix in Total | Plus Spring Toy and Fun Facts Booklet",
    "href": "/ip/LarasBundle-Tiki-Cat-Stix-Wet-Mousse-Single-Serve-Lickable-Treats-All-6-Flavors-36-Stix-in-Total-Plus-Spring-Toy-and-Fun-Facts-Booklet/2462973049?classType=REGULAR",
    "currentPrice": "current price $46.90",
    "pricePerOz": "N/A",
    "pickup": "Free shipping, arrives in 3+ days",
    "delivery": "N/A",
    "shipping": "N/A"
  },
  {
    "ioId": "70TOKQMLFB2F",
    "linkIdentifier": "25176547",
    "text": "KONG Naturals Premium Catnip, 2 Oz",
    "href": "/ip/KONG-Naturals-Premium-Catnip-2-Oz/25176547?classType=REGULAR",
    "currentPrice": "current price $18.99",
    "pricePerOz": "N/A",
    "pickup": "Free shipping, arrives in 3+ days",
    "delivery": "N/A",
    "shipping": "N/A"
  },
  {
    "ioId": "2VKUVTBHWV0M",
    "linkIdentifier": "14897505131",
    "text": "Temptations Lickable Spoons Adult Wet Cat Treat, 10 Grams, Variety Pack of 24 E11",
    "href": "/ip/Temptations-Lickable-Spoons-Adult-Wet-Cat-Treat-10-Grams-Variety-Pack-of-24-E11/14897505131?classType=REGULAR",
    "currentPrice": "N/A",
    "pricePerOz": "N/A",
    "pickup": "Free shipping, arrives in 3+ days",
    "delivery": "N/A",
    "shipping": "N/A"
  },
  {
    "ioId": "4IML7ASU00OJ",
    "linkIdentifier": "437465078",
    "text": "13.8 oz (3 x 4.6 oz) Greenies Feline Natural Dental Treats Oven Roasted Chicken Flavor",
    "href": "/ip/13-8-oz-3-x-4-6-oz-Greenies-Feline-Natural-Dental-Treats-Oven-Roasted-Chicken-Flavor/437465078?classType=REGULAR",
    "currentPrice": "current price $36.90",
    "pricePerOz": "N/A",
    "pickup": "Free shipping, arrives in 3+ days",
    "delivery": "N/A",
    "shipping": "N/A"
  },
  {
    "ioId": "3LJ2JF09XTSY",
    "linkIdentifier": "738672627",
    "text": "Purina DentaLife A Facilities Cat Dental Treats, Savory Salmon Flavor - 1.8 oz. Pouch",
    "href": "/ip/Purina-DentaLife-A-Facilities-Cat-Dental-Treats-Savory-Salmon-Flavor-1-8-oz-Pouch/738672627?classType=REGULAR",
    "currentPrice": "current price $31.47",
    "pricePerOz": "$1.75/oz",
    "pickup": "Free shipping, arrives in 3+ days",
    "delivery": "N/A",
    "shipping": "N/A"
  },
  {
    "ioId": "7JXUWGX49ZYB",
    "linkIdentifier": "1485388841",
    "text": "Blue Buffalo Bursts Crunchy Cat Treats, Chicken 12-oz",
    "href": "/ip/Blue-Buffalo-Bursts-Crunchy-Cat-Treats-Chicken-12-oz/1485388841?classType=REGULAR",
    "currentPrice": "N/A",
    "pricePerOz": "N/A",
    "pickup": "Free shipping, arrives in 3+ days",
    "delivery": "N/A",
    "shipping": "N/A"
  },
  {
    "ioId": "70804YDBTIG5",
    "linkIdentifier": "440466178",
    "text": "Premium Catnip .325 Oz Bag Wondertrail",
    "href": "/ip/Premium-Catnip-325-Oz-Bag-Wondertrail/440466178?classType=REGULAR",
    "currentPrice": "current price $7.78",
    "pricePerOz": "N/A",
    "pickup": "Free shipping, arrives in 3+ days",
    "delivery": "N/A",
    "shipping": "N/A"
  },
  {
    "ioId": "71BYIJCNRXB4",
    "linkIdentifier": "738819032",
    "text": "Meowijuana MJ80016 Jar of Catnip Pawty Mix Cat Food",
    "href": "/ip/Meowijuana-MJ80016-Jar-of-Catnip-Pawty-Mix-Cat-Food/738819032?classType=REGULAR",
    "currentPrice": "N/A",
    "pricePerOz": "N/A",
    "pickup": "Free shipping, arrives in 3+ days",
    "delivery": "N/A",
    "shipping": "N/A"
  },
  {
    "ioId": "6DV98QKGH2W1",
    "linkIdentifier": "5151234052",
    "text": "ORIJEN TUNDRA Freeze Dried Cat Treats, Grain Free Treats for Cats, WholePrey Ingredients, 1.25oz",
    "href": "/ip/ORIJEN-TUNDRA-Freeze-Dried-Cat-Treats-Grain-Free-Treats-for-Cats-WholePrey-Ingredients-1-25oz/5151234052?classType=REGULAR",
    "currentPrice": "current price $11.15",
    "pricePerOz": "N/A",
    "pickup": "Free shipping, arrives in 3+ days",
    "delivery": "N/A",
    "shipping": "N/A"
  },
  {
    "ioId": "0Z0CKK4S4U3S",
    "linkIdentifier": "26908174",
    "text": "PureBites Ocean Whitefish Freeze-Dried Treats for Dogs 1.8 oz",
    "href": "/ip/PureBites-Ocean-Whitefish-Freeze-Dried-Treats-for-Dogs-1-8-oz/26908174?classType=VARIANT",
    "currentPrice": "current price $13.25",
    "pricePerOz": "N/A",
    "pickup": "Shipping, arrives in 2 days",
    "delivery": "N/A",
    "shipping": "N/A"
  },
  {
    "ioId": "5RF0EUVPG7FL",
    "linkIdentifier": "1944555065",
    "text": "Purina (5 Pack) Natural Cat Treats, Party Mix Natural Yums Catnip Flavor, 2.1 oz. Pouches",
    "href": "/ip/Friskies-5-Pack-Natural-Cat-Treats-Party-Mix-Natural-Yums-Catnip-Flavor-2-1-oz-Pouches/1944555065?classType=REGULAR",
    "currentPrice": "current price $21.98",
    "pricePerOz": "N/A",
    "pickup": "Free shipping, arrives in 3+ days",
    "delivery": "N/A",
    "shipping": "N/A"
  },
  {
    "ioId": "2HK4PKOQ1GWH",
    "linkIdentifier": "797663163",
    "text": "Teasdale Peruvian Beans (Pack of 12)",
    "href": "/ip/Teasdale-Peruvian-Beans-Pack-of-12/797663163?classType=REGULAR",
    "currentPrice": "current price $71.94",
    "pricePerOz": "N/A",
    "pickup": "Free shipping, arrives in 3+ days",
    "delivery": "N/A",
    "shipping": "N/A"
  },
  {
    "ioId": "4ESLKDKX6HWF",
    "linkIdentifier": "448830216",
    "text": "Nutrisential Lean Treats for Cats - Soft Cat Treats for Small, Medium, Large Cats - Nutritional Low Fat Bite Size Feline Treats - Chicken Flavor - 1 Pack - 3.5oz",
    "href": "/ip/Covetrus-Nutrisential-Lean-Treats-Cats-Soft-Cat-Small-Medium-Large-Nutritional-Low-Fat-Bite-Size-Feline-Chicken-Flavor-1-Pack-3-5oz-3-5-Ounce-Pack-1/448830216?classType=undefined",
    "currentPrice": "N/A",
    "pricePerOz": "N/A",
    "pickup": "N/A",
    "delivery": "N/A",
    "shipping": "N/A"
  },
  {
    "ioId": "5NN34KRHZ2TK",
    "linkIdentifier": "2561042900",
    "text": "Temptations Jumbo Stuff Tempting Tuna Flavor Crunchy And Soft Dry Cat Treats, 14 Oz Tub",
    "href": "/ip/Temptations-Jumbo-Stuff-Tempting-Tuna-Flavor-Crunchy-And-Soft-Dry-Cat-Treats-14-Oz-Tub/2561042900?classType=undefined",
    "currentPrice": "N/A",
    "pricePerOz": "N/A",
    "pickup": "N/A",
    "delivery": "N/A",
    "shipping": "N/A"
  }
]