[
  {
    "ioId": "4H6NJ20M6Z75",
    "linkIdentifier": "5418307566",
    "text": "Great Value Assorted Entertainment Crackers, 15 oz (Shelf Stable)",
    "href": "/ip/Great-Value-Assorted-Entertainment-Crackers-15-oz-Shelf-Stable/5418307566?classType=VARIANT",
    "currentPrice": "current price $4.48",
    "pricePerOz": "29.9 ¢/oz",
    "pickup": "Pickup today",
    "delivery": "Delivery today",
    "shipping": "N/A"
  },
  {
    "ioId": "1F2ZRO2BB2V8",
    "linkIdentifier": "11045794",
    "text": "Toasteds Variety Pack Crackers, Party Snacks, 12 oz",
    "href": "/ip/Keebler-Toasteds-Crackers-Party-Pack-12-oz/11045794?classType=VARIANT&athbdg=L1600",
    "currentPrice": "current price $4.76",
    "pricePerOz": "39.7 ¢/oz",
    "pickup": "Shipping, arrives tomorrow",
    "delivery": "N/A",
    "shipping": "N/A"
  },
  {
    "ioId": "4U0RDGPNDI2S",
    "linkIdentifier": "5025522282",
    "text": "Town House FlipSides Minis House Seasoned Oven Baked Crackers, Lunch Snacks, 10.2 oz",
    "href": "/ip/Town-House-FlipSides-Minis-House-Seasoned-Oven-Baked-Crackers-Lunch-Snacks-10-2-oz/5025522282?classType=REGULAR",
    "currentPrice": "current price $4.12",
    "pricePerOz": "40.4 ¢/oz",
    "pickup": "Pickup today",
    "delivery": "Delivery today",
    "shipping": "N/A"
  },
  {
    "ioId": "5CMMU2DKFKUS",
    "linkIdentifier": "35176551",
    "text": "RITZ Fresh Stacks Original Crackers, 11.8 oz (8 Stacks)",
    "href": "/ip/RITZ-Fresh-Stacks-Original-Crackers-11-8-oz-8-Stacks/35176551?classType=VARIANT",
    "currentPrice": "current price Now $3.46",
    "pricePerOz": "$3.88",
    "pickup": "Pickup today",
    "delivery": "Delivery today",
    "shipping": "N/A"
  },
  {
    "ioId": "43KFMYZK8AZ7",
    "linkIdentifier": "45727030",
    "text": "Great Value Woven Wheat Crackers 9z",
    "href": "/ip/Great-Value-Woven-Wheat-Crackers-9z/45727030?classType=VARIANT",
    "currentPrice": "current price $2.42",
    "pricePerOz": "26.9 ¢/oz",
    "pickup": "Pickup today",
    "delivery": "Delivery today",
    "shipping": "N/A"
  },
  {
    "ioId": "1VGSQLBK8CTW",
    "linkIdentifier": "25752102",
    "text": "Town House Pita Sea Salt Oven Baked Crackers, Lunch Snacks, 9.5 oz",
    "href": "/ip/Town-House-Pita-Sea-Salt-Oven-Baked-Crackers-Lunch-Snacks-9-5-oz/25752102?classType=VARIANT&athbdg=L1600",
    "currentPrice": "current price $4.12",
    "pricePerOz": "43.4 ¢/oz",
    "pickup": "Pickup today",
    "delivery": "Delivery today",
    "shipping": "Shipping, arrives tomorrow"
  },
  {
    "ioId": "1QDCOHM72F3Y",
    "linkIdentifier": "34632324",
    "text": "RITZ Original Crackers, 13.7 oz",
    "href": "/ip/RITZ-Original-Crackers-13-7-oz/34632324?classType=VARIANT&athbdg=L1600",
    "currentPrice": "current price Now $3.46",
    "pricePerOz": "$3.88",
    "pickup": "Pickup today",
    "delivery": "Delivery today",
    "shipping": "N/A"
  },
  {
    "ioId": "2KBI6MAVC3CD",
    "linkIdentifier": "5059726742",
    "text": "RITZ Cheese Sandwich Crackers, 20 Snack Packs (6 Crackers Per Pack)",
    "href": "/ip/RITZ-Cheese-Sandwich-Crackers-20-Snack-Packs-6-Crackers-Per-Pack/5059726742?classType=REGULAR&athbdg=L1600",
    "currentPrice": "current price $7.98",
    "pricePerOz": "29.6 ¢/oz",
    "pickup": "Pickup today",
    "delivery": "Delivery today",
    "shipping": "Shipping, arrives tomorrow"
  },
  {
    "ioId": "1HD6VXRZQV1D",
    "linkIdentifier": "5024707182",
    "text": "Toasteds Flatbreads Sea Salt and Olive Oil Crackers, Party Snacks, 8.7 oz",
    "href": "/ip/Toasteds-Flatbreads-Sea-Salt-and-Olive-Oil-Crackers-Party-Snacks-8-7-oz/5024707182?classType=REGULAR",
    "currentPrice": "current price $3.64",
    "pricePerOz": "41.8 ¢/oz",
    "pickup": "Pickup today",
    "delivery": "Delivery today",
    "shipping": "N/A"
  },
  {
    "ioId": "6VRE9F8QI35W",
    "linkIdentifier": "10448059",
    "text": "RITZ Peanut Butter Sandwich Crackers, 8 - 1.38 oz Packs",
    "href": "/ip/RITZ-Peanut-Butter-Sandwich-Crackers-8-1-38-oz-Packs/10448059?classType=VARIANT&athbdg=L1600",
    "currentPrice": "current price $3.97",
    "pricePerOz": "36.1 ¢/oz",
    "pickup": "Pickup today",
    "delivery": "Delivery today",
    "shipping": "N/A"
  },
  {
    "ioId": "3VM0R4KXZ9TF",
    "linkIdentifier": "50228527",
    "text": "Great Value Baked Buttery Round Crackers, 13.7 oz.",
    "href": "/ip/Great-Value-Baked-Buttery-Round-Crackers-13-7-oz/50228527?classType=VARIANT&athbdg=L1600",
    "currentPrice": "current price $2.76",
    "pricePerOz": "20.1 ¢/oz",
    "pickup": "Pickup today",
    "delivery": "Delivery today",
    "shipping": "N/A"
  },
  {
    "ioId": "1ZK5JT93WB7A",
    "linkIdentifier": "5024004020",
    "text": "Toasteds Flatbreads Italian Herb Crackers, Party Snacks, 8.7 oz",
    "href": "/ip/Toasteds-Flatbreads-Italian-Herb-Crackers-Party-Snacks-8-7-oz/5024004020?classType=REGULAR",
    "currentPrice": "N/A",
    "pricePerOz": "N/A",
    "pickup": "Free shipping, arrives in 3+ days",
    "delivery": "N/A",
    "shipping": "N/A"
  },
  {
    "ioId": "4OENSPG5HK6A",
    "linkIdentifier": "188357052",
    "text": "Honey Maid Honey Graham Crackers, Easter Baking, Family Size, 25.6 oz",
    "href": "/ip/Honeymaid-Nabisco-Honey-Maid-Crackers-Family-Size/188357052?classType=VARIANT",
    "currentPrice": "current price $7.99",
    "pricePerOz": "31.2 ¢/oz",
    "pickup": "Free shipping, arrives in 3+ days",
    "delivery": "N/A",
    "shipping": "N/A"
  },
  {
    "ioId": "5T7D5TNVFCS9",
    "linkIdentifier": "52234929",
    "text": "RITZ Fresh Stacks Original Crackers, Family Size, 17.8 oz (12 Stacks)",
    "href": "/ip/RITZ-Fresh-Stacks-Original-Crackers-Family-Size-17-8-oz-12-Stacks/52234929?classType=VARIANT",
    "currentPrice": "current price $4.98",
    "pricePerOz": "28.0 ¢/oz",
    "pickup": "Pickup today",
    "delivery": "Delivery today",
    "shipping": "N/A"
  },
  {
    "ioId": "120USNA7VEO4",
    "linkIdentifier": "372694550",
    "text": "ParmCrisps Gluten-Free Original Oven-Baked Parm Crisp Cheese Crackers, 1.75 oz",
    "href": "/ip/ParmCrisps-Gluten-Free-Original-Oven-Baked-Parm-Crisp-Cheese-Crackers-1-75-oz/372694550?classType=REGULAR",
    "currentPrice": "current price Now $2.98",
    "pricePerOz": "$3.78",
    "pickup": "Pickup today",
    "delivery": "Delivery today",
    "shipping": "N/A"
  },
  {
    "ioId": "2WPCQIP056AO",
    "linkIdentifier": "839431088",
    "text": "Great Value Buttery Smooth Club Crackers, 13.7 oz",
    "href": "/ip/Great-Value-Buttery-Smooth-Club-Crackers-13-7-oz/839431088?classType=REGULAR&athbdg=L1600",
    "currentPrice": "current price $2.98",
    "pricePerOz": "21.8 ¢/oz",
    "pickup": "Pickup today",
    "delivery": "Delivery today",
    "shipping": "N/A"
  },
  {
    "ioId": "5WPDXMNMSCZL",
    "linkIdentifier": "52297231",
    "text": "Good Thins Sea Salt Corn Snacks Gluten Free Crackers, 3.5 oz",
    "href": "/ip/Good-Thins-Sea-Salt-Corn-Snacks-Gluten-Free-Crackers-3-5-oz/52297231?classType=REGULAR",
    "currentPrice": "current price $3.58",
    "pricePerOz": "$1.02/oz",
    "pickup": "Pickup today",
    "delivery": "Delivery today",
    "shipping": "N/A"
  },
  {
    "ioId": "6Z8ZLV5PUTLD",
    "linkIdentifier": "10308768",
    "text": "Carr's Original Table Water Crackers, Baked Snack Crackers, 4.25 oz",
    "href": "/ip/Carr-s-Original-Table-Water-Crackers-Baked-Snack-Crackers-4-25-oz/10308768?classType=REGULAR",
    "currentPrice": "current price $4.56",
    "pricePerOz": "$1.06/oz",
    "pickup": "Pickup today",
    "delivery": "Delivery today",
    "shipping": "Shipping, arrives tomorrow"
  },
  {
    "ioId": "3G3DA2YQE7KX",
    "linkIdentifier": "10315375",
    "text": "Great Value Saltine Crackers, 16 oz, 4 Count",
    "href": "/ip/Great-Value-Saltine-Crackers-16-oz/10315375?classType=REGULAR&athbdg=L1200",
    "currentPrice": "current price $1.92",
    "pricePerOz": "12.0 ¢/oz",
    "pickup": "Pickup today",
    "delivery": "Delivery today",
    "shipping": "N/A"
  },
  {
    "ioId": "2OCBQYL6HXRL",
    "linkIdentifier": "479691457",
    "text": "Wheat Thins Original Whole Grain Wheat Crackers, 8.5 oz",
    "href": "/ip/Wheat-Thins-Original-Whole-Grain-Wheat-Crackers-8-5-oz/479691457?classType=VARIANT",
    "currentPrice": "current price $3.78",
    "pricePerOz": "44.5 ¢/oz",
    "pickup": "Pickup today",
    "delivery": "Delivery today",
    "shipping": "N/A"
  },
  {
    "ioId": "65P60DYHUP47",
    "linkIdentifier": "818821440",
    "text": "Milton's Gourmet Crackers - Original Multi-Grain, 8.4oz, Cardboard Box",
    "href": "/ip/Milton-s-Craft-Bakers-Crispy-Gourmet-Crackers-Original-Multi-Grain-8-4oz/818821440?classType=REGULAR",
    "currentPrice": "current price Now $3.26",
    "pricePerOz": "$13.00",
    "pickup": "Shipping, arrives in 3+ days",
    "delivery": "N/A",
    "shipping": "N/A"
  },
  {
    "ioId": "1I85SA126JJS",
    "linkIdentifier": "20897697",
    "text": "Flavor Originals Sociables Baked Savory Crackers, 7.5 oz",
    "href": "/ip/Flavor-Originals-Sociables-Baked-Savory-Crackers-7-5-oz/20897697?classType=VARIANT",
    "currentPrice": "current price $3.78",
    "pricePerOz": "50.4 ¢/oz",
    "pickup": "Pickup today",
    "delivery": "Delivery today",
    "shipping": "N/A"
  },
  {
    "ioId": "56858H3C4HXK",
    "linkIdentifier": "33571861",
    "text": "Club Original Crackers, Lunch Snacks, 13.7 oz",
    "href": "/ip/Club-Original-Crackers-Lunch-Snacks-13-7-oz/33571861?classType=VARIANT",
    "currentPrice": "current price $4.18",
    "pricePerOz": "30.5 ¢/oz",
    "pickup": "Pickup today",
    "delivery": "Delivery today",
    "shipping": "N/A"
  },
  {
    "ioId": "2UB07G9MD33B",
    "linkIdentifier": "10996960",
    "text": "Cheez-It Original Cheese Crackers, Baked Snack Crackers, 21 oz",
    "href": "/ip/Sunshine-Cheez-It-Baked-Snack-Crackers-21-oz/10996960?classType=REGULAR",
    "currentPrice": "current price $5.78",
    "pricePerOz": "27.5 ¢/oz",
    "pickup": "Pickup today",
    "delivery": "Delivery today",
    "shipping": "Shipping, arrives tomorrow"
  },
  {
    "ioId": "5N4CC40JGTVQ",
    "linkIdentifier": "339347453",
    "text": "Triscuit Original Whole Grain Wheat Crackers, Vegan Crackers, Healthy Snacks, Family Size, 12.5 oz",
    "href": "/ip/Triscuit-Original-Whole-Grain-Wheat-Crackers-Vegan-Crackers-Family-Size-Holiday-Crackers-12-5-oz/339347453?classType=VARIANT",
    "currentPrice": "current price $4.98",
    "pricePerOz": "39.8 ¢/oz",
    "pickup": "Pickup today",
    "delivery": "Delivery today",
    "shipping": "N/A"
  },
  {
    "ioId": "45070COSU4KP",
    "linkIdentifier": "50733074",
    "text": "Club Snack Stacks Original Crackers, Lunch Snacks, 6 Count",
    "href": "/ip/Club-Snack-Stacks-Original-Crackers-Lunch-Snacks-6-Count/50733074?classType=VARIANT",
    "currentPrice": "current price $4.18",
    "pricePerOz": "33.4 ¢/oz",
    "pickup": "Pickup today",
    "delivery": "Delivery today",
    "shipping": "Shipping, arrives tomorrow"
  },
  {
    "ioId": "2BF19ZPZEFI3",
    "linkIdentifier": "36335688",
    "text": "Blue Diamond Almonds Nut-Thins, Hint of Sea Salt, Snack Crackers, Gluten-Free, 4.25oz",
    "href": "/ip/Blue-Diamond-Almonds-Nut-Thins-Hint-of-Sea-Salt-Snack-Crackers-Gluten-Free-4-25oz/36335688?classType=REGULAR",
    "currentPrice": "current price $6.01",
    "pricePerOz": "$1.40/oz",
    "pickup": "Free shipping, arrives in 3+ days",
    "delivery": "N/A",
    "shipping": "N/A"
  },
  {
    "ioId": "1DG5BD5PP371",
    "linkIdentifier": "33338132",
    "text": "Town House Original Oven Baked Crackers, Party Snacks, 13.8 oz",
    "href": "/ip/Town-House-Original-Oven-Baked-Crackers-Party-Snacks-13-8-oz/33338132?classType=VARIANT",
    "currentPrice": "current price $4.12",
    "pricePerOz": "29.9 ¢/oz",
    "pickup": "Pickup today",
    "delivery": "Delivery today",
    "shipping": "Shipping, arrives tomorrow"
  },
  {
    "ioId": "3STB3U1FL4V5",
    "linkIdentifier": "266956413",
    "text": "Good Thins Garden Veggie Rice Snacks Gluten Free Crackers, 3.5 oz",
    "href": "/ip/Good-Thins-Garden-Veggie-Rice-Snacks-Gluten-Free-Crackers-3-5-oz/266956413?classType=VARIANT",
    "currentPrice": "current price $3.58",
    "pricePerOz": "$1.02/oz",
    "pickup": "Pickup today",
    "delivery": "Delivery today",
    "shipping": "N/A"
  },
  {
    "ioId": "1HNB2CM6L2FX",
    "linkIdentifier": "10403197",
    "text": "Goldfish Cheddar Cheese Crackers, Snack Packs, 1 oz, 12 CT Multi-Pack Tray",
    "href": "/ip/Pepperidge-Farm-Goldfish-Cheddar-Baked-Snack-Packs-Crackers-12-Oz/10403197?classType=REGULAR",
    "currentPrice": "current price $6.68",
    "pricePerOz": "55.7 ¢/oz",
    "pickup": "Pickup today",
    "delivery": "Delivery today",
    "shipping": "Shipping, arrives tomorrow"
  },
  {
    "ioId": "6A7JDM91VCDE",
    "linkIdentifier": "34893761",
    "text": "RITZ Garlic Butter Crackers, 13.7 oz",
    "href": "/ip/RITZ-Garlic-Butter-Crackers-13-7-oz/34893761?classType=VARIANT",
    "currentPrice": "current price Now $3.46",
    "pricePerOz": "$3.88",
    "pickup": "Pickup today",
    "delivery": "Delivery today",
    "shipping": "N/A"
  },
  {
    "ioId": "36L9XN8NIB6X",
    "linkIdentifier": "1372296552",
    "text": "Town House Pita Crackers Everything Flavor Oven Baked Crackers, Party Snacks, 9.5 oz",
    "href": "/ip/Town-House-Pita-Crackers-Everything-Flavor-Oven-Baked-Crackers-Party-Snacks-9-5-oz/1372296552?classType=REGULAR",
    "currentPrice": "current price Now $3.98",
    "pricePerOz": "$5.59",
    "pickup": "Shipping, arrives in 3+ days",
    "delivery": "N/A",
    "shipping": "N/A"
  },
  {
    "ioId": "42TZLG4SZ1FT",
    "linkIdentifier": "34311943",
    "text": "Town House FlipSides Original Oven Baked Crackers, Lunch Snacks, 9.2 oz",
    "href": "/ip/Town-House-FlipSides-Original-Oven-Baked-Crackers-Lunch-Snacks-9-2-oz/34311943?classType=VARIANT",
    "currentPrice": "current price $4.12",
    "pricePerOz": "44.8 ¢/oz",
    "pickup": "Pickup today",
    "delivery": "Delivery today",
    "shipping": "N/A"
  },
  {
    "ioId": "5ZR8Q7N0OADL",
    "linkIdentifier": "719611538",
    "text": "Triscuit Roasted Garlic Whole Grain Wheat Crackers, 8.5 oz",
    "href": "/ip/Triscuit-Roasted-Garlic-Whole-Grain-Wheat-Crackers-8-5-oz/719611538?classType=VARIANT",
    "currentPrice": "current price $3.78",
    "pricePerOz": "44.5 ¢/oz",
    "pickup": "Pickup today",
    "delivery": "Delivery today",
    "shipping": "N/A"
  },
  {
    "ioId": "64UZVFSCSFVN",
    "linkIdentifier": "452364996",
    "text": "Triscuit Thin Crisps Original Whole Grain Wheat Crackers, Vegan Crackers, 7.1 oz",
    "href": "/ip/Triscuit-Thin-Crisps-Original-Whole-Grain-Wheat-Crackers-Vegan-Crackers-7-1-oz/452364996?classType=VARIANT",
    "currentPrice": "current price $6.22",
    "pricePerOz": "87.6 ¢/oz",
    "pickup": "Free shipping, arrives in 3+ days",
    "delivery": "N/A",
    "shipping": "N/A"
  },
  {
    "ioId": "5ECLMQ9LCHMX",
    "linkIdentifier": "724329705",
    "text": "Great Value Multi-Grain Crackers, 12.7 oz",
    "href": "/ip/Great-Value-Multi-Grain-Crackers-12-7-oz/724329705?classType=VARIANT",
    "currentPrice": "current price $2.98",
    "pricePerOz": "23.5 ¢/oz",
    "pickup": "Pickup today",
    "delivery": "Delivery today",
    "shipping": "N/A"
  },
  {
    "ioId": "4TZLXIXG7WW2",
    "linkIdentifier": "16504631",
    "text": "Crunchmaster Original Multi-Seed Crisps Crunchy Crackers, 4.5 oz.",
    "href": "/ip/Crunchmaster-Original-Multi-Seed-Crisps-Crackers-4-5-oz/16504631?classType=REGULAR",
    "currentPrice": "current price $3.28",
    "pricePerOz": "72.9 ¢/oz",
    "pickup": "Pickup today",
    "delivery": "Delivery today",
    "shipping": "N/A"
  },
  {
    "ioId": "4X2DNFBSJKGH",
    "linkIdentifier": "142812132",
    "text": "Great Value Whole Wheat Buttery Rounds Baked Crackers, 12.9 oz",
    "href": "/ip/Great-Value-Whole-Wheat-Buttery-Rounds-Baked-Crackers-12-9-oz/142812132?classType=REGULAR",
    "currentPrice": "current price $2.76",
    "pricePerOz": "21.4 ¢/oz",
    "pickup": "Pickup today",
    "delivery": "Delivery today",
    "shipping": "N/A"
  },
  {
    "ioId": "7GCRSMWZXDFP",
    "linkIdentifier": "574478238",
    "text": "Crunch Master Crackers, Original, 4 oz",
    "href": "/ip/Crunchmaster-Multi-Seed-Gluten-Free-Crackers-Original-4-oz/574478238?classType=REGULAR",
    "currentPrice": "current price $9.15",
    "pricePerOz": "$2.29/oz",
    "pickup": "Shipping, arrives tomorrow",
    "delivery": "N/A",
    "shipping": "N/A"
  },
  {
    "ioId": "1VPBI4ZN59LD",
    "linkIdentifier": "49769648",
    "text": "Nabisco Triscuit Smoked Gouda Crackers, 9 Oz.",
    "href": "/ip/Nabisco-Triscuit-Smoked-Gouda-Crackers-9-Oz/49769648?classType=REGULAR",
    "currentPrice": "current price $3.78",
    "pricePerOz": "42.0 ¢/oz",
    "pickup": "N/A",
    "delivery": "N/A",
    "shipping": "N/A"
  },
  {
    "ioId": "6JBZFTYU3AYV",
    "linkIdentifier": "801897068",
    "text": "Wheat Thins Sundried Tomato & Basil Whole Grain Wheat Crackers, Family Size, 13 oz",
    "href": "/ip/Wheat-Thins-Sundried-Tomato-Basil-Whole-Grain-Wheat-Crackers-Family-Size-13-oz/801897068?classType=VARIANT",
    "currentPrice": "current price $4.98",
    "pricePerOz": "38.3 ¢/oz",
    "pickup": "Pickup today",
    "delivery": "Delivery today",
    "shipping": "N/A"
  },
  {
    "ioId": "1HQMX48GN0LD",
    "linkIdentifier": "10292012",
    "text": "Premium Original Mini Saltine Crackers, 11 oz",
    "href": "/ip/Nabisco-Premium-Original-Saltine-Cracker-Minis-11-oz/10292012?classType=VARIANT&athbdg=L1600",
    "currentPrice": "current price $3.68",
    "pricePerOz": "33.5 ¢/oz",
    "pickup": "Pickup today",
    "delivery": "Delivery today",
    "shipping": "N/A"
  },
  {
    "ioId": "5DKZ6F44S9R8",
    "linkIdentifier": "849820216",
    "text": "Good Thins Parmesan & Garlic Rice & Cheese Snacks Gluten Free Crackers, 3.5 oz",
    "href": "/ip/Good-Thins-Parmesan-Garlic-Rice-Cheese-Snacks-Gluten-Free-Crackers-3-5-oz/849820216?classType=VARIANT",
    "currentPrice": "current price $3.58",
    "pricePerOz": "$1.02/oz",
    "pickup": "Pickup today",
    "delivery": "Delivery today",
    "shipping": "N/A"
  },
  {
    "ioId": "3GRWRRU7MULX",
    "linkIdentifier": "10314033",
    "text": "Stauffer's Whales Baked Cheddar Cheese Crackers , 16 Oz",
    "href": "/ip/Stauffer-s-Whales-Baked-Snack-Crackers-16-oz/10314033?classType=VARIANT&athbdg=L1600",
    "currentPrice": "current price $3.64",
    "pricePerOz": "22.8 ¢/oz",
    "pickup": "Shipping, arrives in 3+ days",
    "delivery": "N/A",
    "shipping": "N/A"
  },
  {
    "ioId": "18SGWHHUM7FG",
    "linkIdentifier": "810836571",
    "text": "Wheat Thins Original Whole Grain Wheat Crackers, Family Size, 14 oz",
    "href": "/ip/Wheat-Thins-Original-Whole-Grain-Wheat-Crackers-Family-Size-14-oz/810836571?classType=VARIANT&athbdg=L1600",
    "currentPrice": "current price $4.98",
    "pricePerOz": "35.6 ¢/oz",
    "pickup": "Pickup today",
    "delivery": "Delivery today",
    "shipping": "N/A"
  },
  {
    "ioId": "5F3S2E1LW3IT",
    "linkIdentifier": "534402624",
    "text": "Triscuit Original Whole Grain Wheat Crackers, Vegan Crackers, Healthy Snacks, 8.5 oz",
    "href": "/ip/Triscuit-Original-Crackers-8-5-oz/534402624?classType=VARIANT",
    "currentPrice": "current price $3.78",
    "pricePerOz": "44.5 ¢/oz",
    "pickup": "Pickup today",
    "delivery": "Delivery today",
    "shipping": "N/A"
  },
  {
    "ioId": "54AAICG57FCO",
    "linkIdentifier": "50733075",
    "text": "Club Snack Stacks Original Crackers, Lunch Snacks, 9 Count",
    "href": "/ip/Club-Snack-Stacks-Original-Crackers-Lunch-Snacks-9-Count/50733075?classType=VARIANT&athbdg=L1600",
    "currentPrice": "current price $5.58",
    "pricePerOz": "29.7 ¢/oz",
    "pickup": "Pickup today",
    "delivery": "Delivery today",
    "shipping": "Shipping, arrives tomorrow"
  },
  {
    "ioId": "6ZIQJGSP5MDH",
    "linkIdentifier": "476524885",
    "text": "Triscuit Smoked Gouda Whole Grain Wheat Crackers, 8.5 oz",
    "href": "/ip/Triscuit-Smoked-Gouda-Whole-Grain-Wheat-Crackers-8-5-oz/476524885?classType=VARIANT",
    "currentPrice": "current price $3.78",
    "pricePerOz": "44.5 ¢/oz",
    "pickup": "Pickup today",
    "delivery": "Delivery today",
    "shipping": "N/A"
  },
  {
    "ioId": "40L5ILS7KVQV",
    "linkIdentifier": "45754367",
    "text": "Great Value Soup & Oyster Crackers, 9 oz",
    "href": "/ip/Great-Value-Soup-Oyster-Crackers-9-oz/45754367?classType=REGULAR&athbdg=L1600",
    "currentPrice": "current price $1.44",
    "pricePerOz": "16.0 ¢/oz",
    "pickup": "Pickup today",
    "delivery": "Delivery today",
    "shipping": "N/A"
  },
  {
    "ioId": "37PG95JMEXC3",
    "linkIdentifier": "762567465",
    "text": "Great Value 12.4 OZ Cheese Crackers",
    "href": "/ip/Great-Value-12-4-OZ-Cheese-Crackers/762567465?classType=VARIANT&athbdg=L1600",
    "currentPrice": "current price $2.48",
    "pricePerOz": "20.0 ¢/oz",
    "pickup": "Pickup today",
    "delivery": "Delivery today",
    "shipping": "N/A"
  },
  {
    "ioId": "4L0IGYIOSR6O",
    "linkIdentifier": "406282613",
    "text": "Triscuit Cracked Pepper & Olive Oil Whole Grain Wheat Crackers, 8.5 oz",
    "href": "/ip/Triscuit-Cracked-Pepper-Olive-Oil-Whole-Grain-Wheat-Crackers-8-5-oz/406282613?classType=VARIANT",
    "currentPrice": "current price $3.78",
    "pricePerOz": "44.5 ¢/oz",
    "pickup": "Pickup today",
    "delivery": "Delivery today",
    "shipping": "N/A"
  },
  {
    "ioId": "67SHWELWD6X0",
    "linkIdentifier": "49699044",
    "text": "Good Thins Simply Salt Rice Snacks Gluten Free Crackers, 3.5 oz",
    "href": "/ip/Good-Thins-Simply-Salt-Rice-Snacks-Gluten-Free-Crackers-3-5-oz/49699044?classType=VARIANT",
    "currentPrice": "current price $3.58",
    "pricePerOz": "$1.02/oz",
    "pickup": "Pickup today",
    "delivery": "Delivery today",
    "shipping": "N/A"
  },
  {
    "ioId": "5MHDVSIRX600",
    "linkIdentifier": "355035515",
    "text": "ParmCrisps Four Cheese Oven-Baked Parm Crisp Cheese Crackers, 1.75 oz",
    "href": "/ip/ParmCrisps-Gluten-Free-Four-Cheese-Oven-Baked-Parm-Crisp-Cheese-Crackers-1-75-oz/355035515?classType=REGULAR&athbdg=L1300",
    "currentPrice": "current price Now $2.98",
    "pricePerOz": "$3.78",
    "pickup": "Pickup today",
    "delivery": "Delivery today",
    "shipping": "N/A"
  },
  {
    "ioId": "1IGQUC7Z2SEN",
    "linkIdentifier": "34259766",
    "text": "Lance Sandwich Crackers, ToastChee Peanut Butter, 20 Individually Wrapped Packs, 6 Sandwiches Each",
    "href": "/ip/Lance-Sandwich-Crackers-ToastChee-Peanut-Butter-20-Individually-Wrapped-Packs-6-Sandwiches-Each/34259766?classType=REGULAR",
    "currentPrice": "current price $7.24",
    "pricePerOz": "23.9 ¢/oz",
    "pickup": "Shipping, arrives tomorrow",
    "delivery": "N/A",
    "shipping": "N/A"
  },
  {
    "ioId": "104RSOHSJZUZ",
    "linkIdentifier": "12166575",
    "text": "Blue Diamond Almonds Nut-Thins, Cheddar Cheese, Snack Crackers, Gluten-Free, 4.25oz Cardboard Box",
    "href": "/ip/Blue-Diamond-Almonds-Nut-Thins-Cheddar-Cheese-Snack-Crackers-Gluten-Free-4-25oz-Cardboard-Box/12166575?classType=REGULAR",
    "currentPrice": "current price $4.87",
    "pricePerOz": "$1.13/oz",
    "pickup": "Free shipping, arrives in 3+ days",
    "delivery": "N/A",
    "shipping": "N/A"
  },
  {
    "ioId": "27LSUOVBK9JU",
    "linkIdentifier": "8599766970",
    "text": "La Panzanella Mini Garlic Croccantini 6 oz (Pack Of 12)",
    "href": "/ip/La-Panzanella-Mini-Garlic-Croccantini-6-oz-Pack-Of-12/8599766970?classType=VARIANT",
    "currentPrice": "current price $79.98",
    "pricePerOz": "N/A",
    "pickup": "Free shipping, arrives in 3+ days",
    "delivery": "N/A",
    "shipping": "N/A"
  },
  {
    "ioId": "65WUGF8535K6",
    "linkIdentifier": "10292637",
    "text": "Chicken in a Biskit Original Baked Snack Crackers, Family Size, 12 oz",
    "href": "/ip/Nabisco-Flavor-Originals-Chicken-In-A-Biskit-Snack-Crackers-12-oz/10292637?classType=VARIANT&athbdg=L1600",
    "currentPrice": "current price $4.98",
    "pricePerOz": "41.5 ¢/oz",
    "pickup": "Pickup today",
    "delivery": "Delivery today",
    "shipping": "N/A"
  },
  {
    "ioId": "2KCMG8Y06NQ5",
    "linkIdentifier": "34312392",
    "text": "RITZ Bits Cheese Sandwich Crackers, 8.8 oz",
    "href": "/ip/RITZ-Bits-Cheese-Sandwich-Crackers-8-8-oz/34312392?classType=VARIANT",
    "currentPrice": "current price Now $3.46",
    "pricePerOz": "$3.88",
    "pickup": "Pickup today",
    "delivery": "Delivery today",
    "shipping": "N/A"
  },
  {
    "ioId": "218F7OFVUWL8",
    "linkIdentifier": "20897698",
    "text": "Chicken in a Biskit Original Baked Snack Crackers, 7.5 oz",
    "href": "/ip/Chicken-in-a-Biskit-Original-Baked-Snack-Crackers-7-5-oz/20897698?classType=VARIANT",
    "currentPrice": "current price $3.58",
    "pricePerOz": "47.7 ¢/oz",
    "pickup": "Pickup today",
    "delivery": "Delivery today",
    "shipping": "N/A"
  },
  {
    "ioId": "0W8FBATT72Y8",
    "linkIdentifier": "623244097",
    "text": "Toasteds Harvest Wheat Crackers, Party Snacks, 8 oz",
    "href": "/ip/Toasteds-Harvest-Wheat-Crackers-Party-Snacks-8-oz/623244097?classType=REGULAR",
    "currentPrice": "current price $4.56",
    "pricePerOz": "57.0 ¢/oz",
    "pickup": "Shipping, arrives in 3+ days",
    "delivery": "N/A",
    "shipping": "N/A"
  },
  {
    "ioId": "77UXD2NVAU69",
    "linkIdentifier": "505338730",
    "text": "RITZ Toasted Chips Veggie Crackers, 8.1 oz",
    "href": "/ip/Nabisco-Ritz-Garden-Valley-Veggie-Toasted-Chips-8-1-Oz/505338730?classType=VARIANT",
    "currentPrice": "current price Now $3.46",
    "pricePerOz": "$3.92",
    "pickup": "Pickup today",
    "delivery": "Delivery today",
    "shipping": "N/A"
  },
  {
    "ioId": "783832GJ9L48",
    "linkIdentifier": "10292138",
    "text": "RITZ Cheese Sandwich Crackers, 8 Snack Packs (6 Crackers Per Pack)",
    "href": "/ip/RITZ-Cheese-Sandwich-Crackers-8-Snack-Packs-6-Crackers-Per-Pack/10292138?classType=VARIANT",
    "currentPrice": "current price $3.97",
    "pricePerOz": "36.8 ¢/oz",
    "pickup": "Pickup today",
    "delivery": "Delivery today",
    "shipping": "N/A"
  },
  {
    "ioId": "3AWS1G3MKO7D",
    "linkIdentifier": "495211590",
    "text": "Cheez-It Extra Toasty Cheese Crackers, Baked Snack Crackers, 21 oz",
    "href": "/ip/Cheez-It-Extra-Toasty-Cheese-Crackers-Baked-Snack-Crackers-21-oz/495211590?classType=VARIANT",
    "currentPrice": "current price $5.78",
    "pricePerOz": "27.5 ¢/oz",
    "pickup": "Pickup today",
    "delivery": "Delivery today",
    "shipping": "Shipping, arrives tomorrow"
  },
  {
    "ioId": "122PSCXW9VA2",
    "linkIdentifier": "192935499",
    "text": "Simple Mills Crackers, Fine Ground Sea Salt, Almond Flour, 4.25 Oz, Pack Of 6",
    "href": "/ip/Simple-Mills-Almond-Flour-Crackers-Fine-Ground-Sea-Salt-Gluten-Free-4-25-oz/192935499?classType=VARIANT",
    "currentPrice": "current price Now $4.48",
    "pricePerOz": "$40.00",
    "pickup": "Shipping, arrives tomorrow",
    "delivery": "N/A",
    "shipping": "N/A"
  },
  {
    "ioId": "3H9VAZZV65CG",
    "linkIdentifier": "10292621",
    "text": "Premium Original Saltine Crackers, 16 oz",
    "href": "/ip/Nabisco-Original-Premium-Saltine-Crackers-16-oz/10292621?classType=VARIANT",
    "currentPrice": "current price $3.68",
    "pricePerOz": "23.0 ¢/oz",
    "pickup": "Pickup today",
    "delivery": "Delivery today",
    "shipping": "N/A"
  },
  {
    "ioId": "4DD3YAJ6VC92",
    "linkIdentifier": "16618649",
    "text": "Cheez-It Classic Snack Mix, Lunch Snacks, 10.5 oz",
    "href": "/ip/Cheez-It-Classic-Snack-Mix-Lunch-Snacks-10-5-oz/16618649?classType=VARIANT",
    "currentPrice": "current price Now $3.38",
    "pricePerOz": "$3.78",
    "pickup": "Pickup today",
    "delivery": "Delivery today",
    "shipping": "N/A"
  },
  {
    "ioId": "5S2J233HX22V",
    "linkIdentifier": "382433624",
    "text": "GREAT VALUE 21 OZ CHEESE CRACKERS",
    "href": "/ip/Great-Value-Family-Size-Cheddar-Cheese-Crackers-Family-Size-21-oz/382433624?classType=VARIANT",
    "currentPrice": "current price $4.12",
    "pricePerOz": "19.6 ¢/oz",
    "pickup": "Pickup today",
    "delivery": "Delivery today",
    "shipping": "N/A"
  },
  {
    "ioId": "4D7DXSCORDR4",
    "linkIdentifier": "424835652",
    "text": "RITZ Toasted Chips Ranch Crackers, 8.1 oz",
    "href": "/ip/RITZ-Toasted-Chips-Ranch-Crackers-8-1-oz/424835652?classType=VARIANT",
    "currentPrice": "current price Now $3.46",
    "pricePerOz": "$3.92",
    "pickup": "Pickup today",
    "delivery": "Delivery today",
    "shipping": "N/A"
  },
  {
    "ioId": "52DJ6LDPD0KT",
    "linkIdentifier": "25822485",
    "text": "RITZ Roasted Vegetable Crackers, 13.3 oz",
    "href": "/ip/RITZ-Roasted-Vegetable-Crackers-13-3-oz/25822485?classType=VARIANT",
    "currentPrice": "current price $4.75",
    "pricePerOz": "35.7 ¢/oz",
    "pickup": "Shipping, arrives in 3+ days",
    "delivery": "N/A",
    "shipping": "N/A"
  },
  {
    "ioId": "18W4LPLD2H4D",
    "linkIdentifier": "10450479",
    "text": "Goldfish Baby Cheddar Crackers, Snack Crackers, 7.2 oz Bag",
    "href": "/ip/Goldfish-Baby-Cheddar-Crackers-Snack-Crackers-7-2-oz-Bag/10450479?classType=REGULAR",
    "currentPrice": "current price $2.77",
    "pricePerOz": "38.5 ¢/oz",
    "pickup": "Pickup today",
    "delivery": "Delivery today",
    "shipping": "N/A"
  },
  {
    "ioId": "3JYRMVXQT8EQ",
    "linkIdentifier": "161389864",
    "text": "RITZ Toasted Chips Cheddar Crackers, 8.1 oz",
    "href": "/ip/RITZ-Toasted-Chips-Cheddar-Crackers-8-1-oz/161389864?classType=VARIANT",
    "currentPrice": "current price Now $3.46",
    "pricePerOz": "$3.92",
    "pickup": "Pickup today",
    "delivery": "Delivery today",
    "shipping": "N/A"
  },
  {
    "ioId": "6G589LDZ20DI",
    "linkIdentifier": "25822520",
    "text": "RITZ Hint of Salt Crackers, 13.7 oz",
    "href": "/ip/RITZ-Hint-of-Salt-Crackers-13-7-oz/25822520?classType=VARIANT",
    "currentPrice": "current price Now $3.46",
    "pricePerOz": "$3.88",
    "pickup": "Pickup today",
    "delivery": "Delivery today",
    "shipping": "N/A"
  },
  {
    "ioId": "1ON89AQQQ87Z",
    "linkIdentifier": "675540018",
    "text": "Wheat Thins Sundried Tomato & Basil Whole Grain Wheat Crackers, 8.5 oz",
    "href": "/ip/Wheat-Thins-Sundried-Tomato-Basil-Whole-Grain-Wheat-Crackers-8-5-oz/675540018?classType=VARIANT",
    "currentPrice": "current price $3.78",
    "pricePerOz": "44.5 ¢/oz",
    "pickup": "Pickup today",
    "delivery": "Delivery today",
    "shipping": "N/A"
  },
  {
    "ioId": "2QZVCC5O8V8P",
    "linkIdentifier": "42124218",
    "text": "Cheez-It Original Cheese Crackers, Baked Snack Crackers, 12.4 oz",
    "href": "/ip/Cheez-It-Original-Cheese-Crackers-Baked-Snack-Crackers-12-4-oz/42124218?classType=REGULAR",
    "currentPrice": "current price Now $3.38",
    "pricePerOz": "$3.78",
    "pickup": "Pickup today",
    "delivery": "Delivery today",
    "shipping": "Shipping, arrives tomorrow"
  },
  {
    "ioId": "6RHLU4STTSBR",
    "linkIdentifier": "487344423",
    "text": "Triscuit Avocado, Cilantro & Lime Whole Grain Wheat Crackers, 8.5 oz",
    "href": "/ip/TRISCUIT-Crackers-Avocado-Cilantro-Lime-Flavor-1-Box-8-5-oz/487344423?classType=VARIANT",
    "currentPrice": "current price $3.78",
    "pricePerOz": "44.5 ¢/oz",
    "pickup": "Pickup today",
    "delivery": "Delivery today",
    "shipping": "N/A"
  },
  {
    "ioId": "36P88KM4SFY1",
    "linkIdentifier": "5584229384",
    "text": "bettergoods Gluten-Free Sea Salt and Sesame Crackers, 3.5 oz",
    "href": "/ip/bettergoods-Sea-Salt-and-Sesame-Hummus-Crackers/5584229384?classType=VARIANT",
    "currentPrice": "current price $2.97",
    "pricePerOz": "84.9 ¢/oz",
    "pickup": "Shipping, arrives tomorrow",
    "delivery": "N/A",
    "shipping": "N/A"
  },
  {
    "ioId": "6ZZ7LVL9GXMO",
    "linkIdentifier": "385106511",
    "text": "Stacy's Pita Chips Bagel Chips - Simply Naked, 7 oz",
    "href": "/ip/Stacy-s-Pita-Chips-Bagel-Chips-Simply-Naked-7-oz/385106511?classType=VARIANT",
    "currentPrice": "N/A",
    "pricePerOz": "N/A",
    "pickup": "Free shipping, arrives in 3+ days",
    "delivery": "N/A",
    "shipping": "N/A"
  },
  {
    "ioId": "3G70Z9UO6P6W",
    "linkIdentifier": "54276110",
    "text": "Lance Sandwich Crackers, Variety Pack, 3 Flavors, 8 Individually Wrapped Packs, 6 Sandwiches Each",
    "href": "/ip/LANCE-VARIETY-PK-SWC/54276110?classType=REGULAR",
    "currentPrice": "current price $7.64",
    "pricePerOz": "67.0 ¢/oz",
    "pickup": "Free shipping, arrives in 3+ days",
    "delivery": "N/A",
    "shipping": "N/A"
  },
  {
    "ioId": "75GSFK1YKKSH",
    "linkIdentifier": "311539494",
    "text": "Crunchmaster Avocado Toast - Salt & Pepper",
    "href": "/ip/Crunchmaster-Gluten-Free-Crunchy-Avocado-Toast-Salt-Pepper-Crackers-3-54-oz/311539494?classType=REGULAR",
    "currentPrice": "current price Now $7.47",
    "pricePerOz": "$11.00",
    "pickup": "Free shipping, arrives in 3+ days",
    "delivery": "N/A",
    "shipping": "N/A"
  },
  {
    "ioId": "418WN267K3JP",
    "linkIdentifier": "134367930",
    "text": "Great Value Chick'n Bites Baked Snack Crackers, 7.5 oz",
    "href": "/ip/GV-CHICKEN-CRACKERS/134367930?classType=VARIANT",
    "currentPrice": "current price $2.78",
    "pricePerOz": "37.1 ¢/oz",
    "pickup": "N/A",
    "delivery": "N/A",
    "shipping": "N/A"
  },
  {
    "ioId": "5IL3Y6PXI3UV",
    "linkIdentifier": "24553278",
    "text": "Cheez-It Cheddar Jack Cheese Crackers, Baked Snack Crackers, 12.4 oz",
    "href": "/ip/Cheez-It-Cheddar-Jack-Cheese-Crackers-Baked-Snack-Crackers-12-4-oz/24553278?classType=REGULAR&athbdg=L1300",
    "currentPrice": "current price Now $3.38",
    "pricePerOz": "$3.78",
    "pickup": "Pickup today",
    "delivery": "Delivery today",
    "shipping": "N/A"
  },
  {
    "ioId": "6PS7IDNE7PM0",
    "linkIdentifier": "16935655",
    "text": "Honey Maid Fresh Stacks Graham Crackers, 12.2 oz (6 Stacks)",
    "href": "/ip/Honey-Maid-Fresh-Stacks-Graham-Crackers-12-2-oz-6-Stacks/16935655?classType=REGULAR&athbdg=L1600",
    "currentPrice": "current price $4.68",
    "pricePerOz": "38.4 ¢/oz",
    "pickup": "Pickup today",
    "delivery": "Delivery today",
    "shipping": "Shipping, arrives tomorrow"
  },
  {
    "ioId": "3HSHI0TITAMX",
    "linkIdentifier": "668207250",
    "text": "Cheez-It Extra Cheesy Cheese Crackers, Baked Snack Crackers, 12.4 oz",
    "href": "/ip/Cheez-It-Extra-Cheesy-Cheese-Crackers-Baked-Snack-Crackers-12-4-oz/668207250?classType=VARIANT",
    "currentPrice": "current price Now $3.38",
    "pricePerOz": "$3.78",
    "pickup": "Pickup today",
    "delivery": "Delivery today",
    "shipping": "Shipping, arrives tomorrow"
  },
  {
    "ioId": "3KYVEKRK6S15",
    "linkIdentifier": "20897660",
    "text": "Premium Fresh Stacks Original Saltine Crackers, 13.6 oz (8 Stacks)",
    "href": "/ip/Premium-Fresh-Stacks-Original-Saltine-Crackers-13-6-oz-8-Stacks/20897660?classType=VARIANT&athbdg=L1600",
    "currentPrice": "current price $3.88",
    "pricePerOz": "28.5 ¢/oz",
    "pickup": "Pickup today",
    "delivery": "Delivery today",
    "shipping": "N/A"
  },
  {
    "ioId": "50PJT0O87BIP",
    "linkIdentifier": "46330171",
    "text": "Milton's Gluten Free Crackers - Crispy Sea Salt, 4.5oz, Plastic Bag",
    "href": "/ip/Milton-s-Gluten-Free-Crackers-Crispy-Sea-Salt-4-5oz-Plastic-Bag/46330171?classType=REGULAR",
    "currentPrice": "current price $3.48",
    "pricePerOz": "77.3 ¢/oz",
    "pickup": "Pickup today",
    "delivery": "Delivery today",
    "shipping": "N/A"
  },
  {
    "ioId": "1UCF68Z7NVSX",
    "linkIdentifier": "810369388",
    "text": "GREAT VALUE 12.4 OZ WHITE CHEDDAR CHEESE CRACKERS",
    "href": "/ip/Great-Value-White-Cheddar-Cheese-Crackers-12-4-oz/810369388?classType=VARIANT",
    "currentPrice": "current price $2.48",
    "pricePerOz": "20.0 ¢/oz",
    "pickup": "Pickup today",
    "delivery": "Delivery today",
    "shipping": "Shipping, arrives tomorrow"
  },
  {
    "ioId": "59WPHMD53377",
    "linkIdentifier": "1918527976",
    "text": "Great Value Baked Cheddar Cheese Penguin Crackers, 19 oz, Kosher Dairy (OU), Allergens Not Contained - Peanuts",
    "href": "/ip/Great-Value-Baked-Cheddar-Cheese-Penguin-Crackers-19-oz-Kosher-Dairy-OU-Allergens-Not-Contained-Peanuts/1918527976?classType=VARIANT&athbdg=L1600",
    "currentPrice": "current price $3.98",
    "pricePerOz": "20.9 ¢/oz",
    "pickup": "Pickup today",
    "delivery": "Delivery today",
    "shipping": "N/A"
  },
  {
    "ioId": "66GB940CA5R5",
    "linkIdentifier": "10292699",
    "text": "Honey Maid Honey Graham Crackers, 14.4 oz",
    "href": "/ip/Honey-Maid-Honey-Graham-Crackers-14-4-oz/10292699?classType=REGULAR&athbdg=L1600",
    "currentPrice": "current price $4.68",
    "pricePerOz": "32.5 ¢/oz",
    "pickup": "Pickup today",
    "delivery": "Delivery today",
    "shipping": "N/A"
  },
  {
    "ioId": "3CRZX3MW3TKG",
    "linkIdentifier": "15723904",
    "text": "Premium Original Soup & Oyster Crackers, 9 oz",
    "href": "/ip/Nabisco-Premium-Soup-Oyster-Crackers-9-oz/15723904?classType=VARIANT&athbdg=L1600",
    "currentPrice": "current price $3.86",
    "pricePerOz": "42.9 ¢/oz",
    "pickup": "Pickup today",
    "delivery": "Delivery today",
    "shipping": "N/A"
  },
  {
    "ioId": "410R5LE7UAKH",
    "linkIdentifier": "44391248",
    "text": "Great Value Whole Grain Saltine Crackers, 16 oz, 4 Count",
    "href": "/ip/Gv-Saltine-Whole-Grain/44391248?classType=VARIANT",
    "currentPrice": "current price $1.92",
    "pricePerOz": "12.0 ¢/oz",
    "pickup": "Pickup today",
    "delivery": "Delivery today",
    "shipping": "N/A"
  },
  {
    "ioId": "2RD7W29DI8O9",
    "linkIdentifier": "20897696",
    "text": "Better Cheddars Baked Snack Cheese Crackers, 6.5 oz",
    "href": "/ip/Better-Cheddars-Baked-Snack-Cheese-Crackers-6-5-oz/20897696?classType=REGULAR",
    "currentPrice": "current price $3.97",
    "pricePerOz": "61.1 ¢/oz",
    "pickup": "Pickup today",
    "delivery": "Delivery today",
    "shipping": "N/A"
  },
  {
    "ioId": "5XO33GJB9FY8",
    "linkIdentifier": "10313188",
    "text": "Lunchables Ham & Cheddar Cheese Cracker Stackers Kid Lunch Snack, 3.5 oz Tray",
    "href": "/ip/Lunchables-Ham-Cheddar-Cheese-Cracker-Stackers-Kid-Lunch-Snack-3-5-oz-Tray/10313188?classType=REGULAR",
    "currentPrice": "current price Now $1.58",
    "pricePerOz": "$1.96",
    "pickup": "Pickup today",
    "delivery": "Delivery today",
    "shipping": "N/A"
  },
  {
    "ioId": "3NQZ9F2VRAZC",
    "linkIdentifier": "24553281",
    "text": "Cheez-It DUOZ Sharp Cheddar and Parmesan Baked Snack Crackers, Lunch Snacks, 12.4 oz",
    "href": "/ip/Cheez-It-DUOZ-Sharp-Cheddar-and-Parmesan-Cheese-Crackers-Baked-Snack-Crackers-12-4-oz/24553281?classType=VARIANT",
    "currentPrice": "current price Now $3.38",
    "pricePerOz": "$3.78",
    "pickup": "Pickup today",
    "delivery": "Delivery today",
    "shipping": "N/A"
  },
  {
    "ioId": "6D0MLZDO05IA",
    "linkIdentifier": "430968858",
    "text": "Goldfish Mega Bites, Sharp Cheddar Crackers, 5.9 oz Bag",
    "href": "/ip/Goldfish-Mega-Bites-Sharp-Cheddar-Crackers-5-9-oz-Bag/430968858?classType=REGULAR",
    "currentPrice": "current price $2.77",
    "pricePerOz": "46.9 ¢/oz",
    "pickup": "Pickup today",
    "delivery": "Delivery today",
    "shipping": "N/A"
  },
  {
    "ioId": "32X85BI8D8MP",
    "linkIdentifier": "34345451",
    "text": "RITZ Bits Peanut Butter Sandwich Crackers, 8.8 oz",
    "href": "/ip/RITZ-Bits-Peanut-Butter-Sandwich-Crackers-8-8-oz/34345451?classType=VARIANT",
    "currentPrice": "current price Now $3.46",
    "pricePerOz": "$3.88",
    "pickup": "Pickup today",
    "delivery": "Delivery today",
    "shipping": "N/A"
  },
  {
    "ioId": "4ZQD9O3RB3VA",
    "linkIdentifier": "995895512",
    "text": "Wheat Thins Reduced Fat Whole Grain Wheat Crackers, Family Size, 12.5 oz",
    "href": "/ip/Wheat-Thins-Reduced-Fat-Whole-Grain-Wheat-Crackers-Family-Size-12-5-oz/995895512?classType=VARIANT",
    "currentPrice": "current price $4.98",
    "pricePerOz": "39.8 ¢/oz",
    "pickup": "Pickup today",
    "delivery": "Delivery today",
    "shipping": "Shipping, arrives tomorrow"
  },
  {
    "ioId": "73SLGI36HV2B",
    "linkIdentifier": "25875637",
    "text": "Cheez-It White Cheddar Cheese Crackers, Baked Snack Crackers, 12.4 oz",
    "href": "/ip/Cheez-It-White-Cheddar-Cheese-Crackers-Baked-Snack-Crackers-12-4-oz/25875637?classType=VARIANT&athbdg=L1600",
    "currentPrice": "current price Now $3.38",
    "pricePerOz": "$3.78",
    "pickup": "Pickup today",
    "delivery": "Delivery today",
    "shipping": "N/A"
  },
  {
    "ioId": "72LR6V86984L",
    "linkIdentifier": "10801122",
    "text": "RITZ Bits Cheese Sandwich Crackers, 12 Snack Packs",
    "href": "/ip/Nabisco-Ritz-Bits-Cheese-Munch-Packs-12-oz/10801122?classType=REGULAR&athbdg=L1600",
    "currentPrice": "current price $6.72",
    "pricePerOz": "56.0 ¢/oz",
    "pickup": "Pickup today",
    "delivery": "Delivery today",
    "shipping": "Shipping, arrives tomorrow"
  },
  {
    "ioId": "4XTMCJYXIRZC",
    "linkIdentifier": "45428382",
    "text": "Cheez-It Extra Toasty Cheese Crackers, Baked Snack Crackers, 12.4 oz",
    "href": "/ip/Cheez-It-Extra-Toasty-Cheese-Crackers-Baked-Snack-Crackers-12-4-oz/45428382?classType=VARIANT&athbdg=L1600",
    "currentPrice": "current price Now $3.38",
    "pricePerOz": "$3.78",
    "pickup": "Pickup today",
    "delivery": "Delivery today",
    "shipping": "Shipping, arrives tomorrow"
  },
  {
    "ioId": "1IYH8BNCZNDK",
    "linkIdentifier": "357578452",
    "text": "Wheat Thins Original Whole Grain Wheat Crackers, Party Size, 20 oz Box",
    "href": "/ip/Wheat-Thins-Original-Whole-Grain-Wheat-Crackers-Party-Size-20-oz-Box/357578452?classType=VARIANT",
    "currentPrice": "current price $5.98",
    "pricePerOz": "29.9 ¢/oz",
    "pickup": "Pickup today",
    "delivery": "Delivery today",
    "shipping": "Shipping, arrives tomorrow"
  },
  {
    "ioId": "306UC1SO2187",
    "linkIdentifier": "902539697",
    "text": "Wheat Thins Reduced Fat Whole Grain Wheat Crackers, 8 oz",
    "href": "/ip/Wheat-Thins-Reduced-Fat-Whole-Grain-Wheat-Crackers-8-oz/902539697?classType=VARIANT",
    "currentPrice": "current price $5.46",
    "pricePerOz": "68.3 ¢/oz",
    "pickup": "Shipping, arrives in 3+ days",
    "delivery": "N/A",
    "shipping": "N/A"
  },
  {
    "ioId": "44VDNQ6QHMYX",
    "linkIdentifier": "588785020",
    "text": "Snack Factory Pretzel Crisps, Cinnamon Sugar, 7.2 oz",
    "href": "/ip/Snack-Factory-Pretzel-Crisps-Cinnamon-Sugar-7-2-oz/588785020?classType=REGULAR",
    "currentPrice": "current price $3.48",
    "pricePerOz": "48.3 ¢/oz",
    "pickup": "Pickup today",
    "delivery": "Delivery today",
    "shipping": "N/A"
  },
  {
    "ioId": "4WUC89DK5A9T",
    "linkIdentifier": "54276190",
    "text": "Lance Sandwich Crackers, Variety Pack, 3 Flavors, 20 Individually Wrapped Packs, 6 Sandwiches Each",
    "href": "/ip/LAN-VARIETY-FAM-PK/54276190?classType=REGULAR",
    "currentPrice": "current price $11.40",
    "pricePerOz": "40.9 ¢/oz",
    "pickup": "Free shipping, arrives in 3+ days",
    "delivery": "N/A",
    "shipping": "N/A"
  },
  {
    "ioId": "6WR7CQXZVLK5",
    "linkIdentifier": "5054002376",
    "text": "Honey Maid Graham Crackers, Party Size, 28.8 oz",
    "href": "/ip/Honey-Maid-Graham-Crackers-Party-Size-28-8-oz/5054002376?classType=REGULAR",
    "currentPrice": "current price $6.48",
    "pricePerOz": "22.5 ¢/oz",
    "pickup": "Pickup today",
    "delivery": "Delivery today",
    "shipping": "Shipping, arrives tomorrow"
  },
  {
    "ioId": "183GIUSH3VJ3",
    "linkIdentifier": "21289060",
    "text": "Munchies Peanut Butter Sandwich Crackers, 1.42 oz, 8 Count",
    "href": "/ip/Munchies-Peanut-Butter-Sandwich-Crackers-1-42-oz-8-Count/21289060?classType=REGULAR",
    "currentPrice": "current price $3.38",
    "pricePerOz": "29.6 ¢/oz",
    "pickup": "Shipping, arrives tomorrow",
    "delivery": "N/A",
    "shipping": "N/A"
  },
  {
    "ioId": "3SET2NUI8EG8",
    "linkIdentifier": "10813520",
    "text": "Cole's Mozzarella Filled Breadsticks, 11.5 oz",
    "href": "/ip/Cole-39-s-Cheesesticks-Mozzarella-Filled-Garlic-Bread-Sticks-14-Oz/10813520?classType=REGULAR",
    "currentPrice": "current price $3.84",
    "pricePerOz": "33.4 ¢/oz",
    "pickup": "Pickup today",
    "delivery": "Delivery today",
    "shipping": "N/A"
  },
  {
    "ioId": "79YIVD7X36FA",
    "linkIdentifier": "10450477",
    "text": "Goldfish Flavor Blasted Xtra Cheesy Pizza Crackers, 6.6 oz. Bag",
    "href": "/ip/Goldfish-Flavor-Blasted-Xtra-Cheesy-Pizza-Crackers-6-6-oz-Bag/10450477?classType=REGULAR",
    "currentPrice": "current price $2.77",
    "pricePerOz": "42.0 ¢/oz",
    "pickup": "Pickup today",
    "delivery": "Delivery today",
    "shipping": "N/A"
  },
  {
    "ioId": "510UVUHZZ5EL",
    "linkIdentifier": "26178251",
    "text": "Lunchables Pepperoni and Mozzarella Cracker Stackers, 2.25 oz Tray",
    "href": "/ip/Lunchables-Pepperoni-and-Mozzarella-Cracker-Stackers-2-25-oz-Tray/26178251?classType=REGULAR",
    "currentPrice": "current price Now $1.58",
    "pricePerOz": "$1.96",
    "pickup": "Pickup today",
    "delivery": "Delivery today",
    "shipping": "N/A"
  },
  {
    "ioId": "4H44P2XOGNCL",
    "linkIdentifier": "5284314975",
    "text": "Craize Sweet Corn Crisps | Gluten Free, Vegan, Kosher, Toasted Corn Crackers | 3 pack, 4 oz each",
    "href": "/ip/Craize-Sweet-Corn-Crisps-Gluten-Free-Vegan-Kosher-Toasted-Corn-Crackers-3-pack-4-oz-each/5284314975?classType=REGULAR",
    "currentPrice": "N/A",
    "pricePerOz": "N/A",
    "pickup": "Free shipping, arrives in 3+ days",
    "delivery": "N/A",
    "shipping": "N/A"
  },
  {
    "ioId": "4BXPVQ4H5FQF",
    "linkIdentifier": "112321766",
    "text": "Simple Mills Almond Flour Crackers, Rosemary and Sea Salt, Gluten-Free, 4.25 oz",
    "href": "/ip/Simple-Mills-Almond-Flour-Crackers-Rosemary-and-Sea-Salt-Gluten-Free-4-25-oz/112321766?classType=VARIANT",
    "currentPrice": "current price $6.54",
    "pricePerOz": "$1.52/oz",
    "pickup": "Free shipping, arrives in 3+ days",
    "delivery": "N/A",
    "shipping": "N/A"
  },
  {
    "ioId": "63I4M6T4Y9FL",
    "linkIdentifier": "5005397803",
    "text": "Lance Sandwich Crackers, Made with Whole Grain Crackers, Cheddar Cheese, 10 Packs, 6 Sandwiches Each",
    "href": "/ip/Lance-Sandwich-Crackers-Made-with-Whole-Grain-Crackers-Cheddar-Cheese-10-Packs-6-Sandwiches-Each/5005397803?classType=REGULAR",
    "currentPrice": "N/A",
    "pricePerOz": "N/A",
    "pickup": "Free shipping, arrives in 3+ days",
    "delivery": "N/A",
    "shipping": "N/A"
  },
  {
    "ioId": "6LTYUBZ2DWKX",
    "linkIdentifier": "5023421931",
    "text": "Town House Original Oven Baked Crackers, Lunch Snacks, 20.7 oz",
    "href": "/ip/Town-House-Original-Oven-Baked-Crackers-Lunch-Snacks-20-7-oz/5023421931?classType=VARIANT",
    "currentPrice": "current price $5.23",
    "pricePerOz": "25.3 ¢/oz",
    "pickup": "Pickup today",
    "delivery": "Delivery today",
    "shipping": "Shipping, arrives tomorrow"
  },
  {
    "ioId": "2VVDHY2H9QUD",
    "linkIdentifier": "16940089",
    "text": "Goldfish Cheddar Cheese Crackers, Baked Snack Crackers, 30 oz Carton",
    "href": "/ip/Goldfish-Cheddar-Baked-Snack-Crackers-30-oz/16940089?classType=REGULAR",
    "currentPrice": "current price $8.88",
    "pricePerOz": "29.6 ¢/oz",
    "pickup": "Shipping, arrives tomorrow",
    "delivery": "N/A",
    "shipping": "N/A"
  },
  {
    "ioId": "6QL9KVDCXIKG",
    "linkIdentifier": "565030186",
    "text": "Blue Diamond Almond Nut-Thins Crunchy Rice Crackers, Baked, 7.7 oz, Shelf Stable, Gluten Free, Cardboard Box",
    "href": "/ip/Blue-Diamond-Almonds-Nut-Thins-Family-Size-Hint-of-Sea-Salt-Snack-Crackers-Gluten-Free-7-7oz/565030186?classType=REGULAR",
    "currentPrice": "current price $5.48",
    "pricePerOz": "71.2 ¢/oz",
    "pickup": "Shipping, arrives tomorrow",
    "delivery": "N/A",
    "shipping": "N/A"
  },
  {
    "ioId": "38YDWFG2GFDZ",
    "linkIdentifier": "678510297",
    "text": "Milton's Gourmet Crackers - Crispy Sea Salt, 6.8oz, Cardboard Box",
    "href": "/ip/Milton-s-Craft-Bakers-Gourmet-Crackers-Crispy-Sea-Salt-6-8oz/678510297?classType=VARIANT",
    "currentPrice": "current price $3.47",
    "pricePerOz": "51.0 ¢/oz",
    "pickup": "Shipping, arrives in 3+ days",
    "delivery": "N/A",
    "shipping": "N/A"
  },
  {
    "ioId": "6CVEXRYN293N",
    "linkIdentifier": "47133227",
    "text": "Stacy's Pita Chips, Cinnamon Sugar, 7.33 oz Plastic Bag",
    "href": "/ip/Stacy-s-Pita-Chips-Cinnamon-Sugar-7-33-oz-Plastic-Bag/47133227?classType=REGULAR",
    "currentPrice": "N/A",
    "pricePerOz": "N/A",
    "pickup": "Free shipping, arrives in 3+ days",
    "delivery": "N/A",
    "shipping": "N/A"
  },
  {
    "ioId": "5GB4MYGEXTG3",
    "linkIdentifier": "47705013",
    "text": "La Panzanella Original Mini Croccantini 6-Ounce Packages (Pack of 12)",
    "href": "/ip/La-Panzanella-Mini-Croccantini-Artisan-Crackers-Original-Sea-Salt-6-oz-170-g/47705013?classType=REGULAR",
    "currentPrice": "current price $69.15",
    "pricePerOz": "$11.53/fl oz",
    "pickup": "Free shipping, arrives in 3+ days",
    "delivery": "N/A",
    "shipping": "N/A"
  },
  {
    "ioId": "2POMGFIEYPRZ",
    "linkIdentifier": "12166574",
    "text": "Blue Diamond Almonds Nut-Thins Smokehouse Flavored Rice Cracker Snacks with Almonds, 4.25 oz",
    "href": "/ip/Blue-Diamond-Almonds-Nut-Thins-Smokehouse-Snack-Crackers-Gluten-Free-4-25oz/12166574?classType=VARIANT",
    "currentPrice": "current price $9.84",
    "pricePerOz": "$2.29/oz",
    "pickup": "Free shipping, arrives in 3+ days",
    "delivery": "N/A",
    "shipping": "N/A"
  },
  {
    "ioId": "511GDH4V4PYV",
    "linkIdentifier": "29188103",
    "text": "Lance Sandwich Crackers, ToastChee Peanut Butter, 8 Individual Packs, 6 Sandwiches Each",
    "href": "/ip/Lance-Sandwich-Crackers-ToastChee-Peanut-Butter-8-Individual-Packs-6-Sandwiches-Each/29188103?classType=REGULAR",
    "currentPrice": "current price $8.70",
    "pricePerOz": "71.9 ¢/oz",
    "pickup": "Free shipping, arrives in 3+ days",
    "delivery": "N/A",
    "shipping": "N/A"
  },
  {
    "ioId": "2IEWIZ1FRULF",
    "linkIdentifier": "38452158",
    "text": "Munchies Peanut Butter Sandwich Crackers, 1.42 oz, 8 Count",
    "href": "/ip/Munchies-Peanut-Butter-Sandwich-Crackers-1-42-oz-8-Count/38452158?classType=REGULAR",
    "currentPrice": "current price $3.38",
    "pricePerOz": "29.6 ¢/oz",
    "pickup": "N/A",
    "delivery": "N/A",
    "shipping": "N/A"
  },
  {
    "ioId": "1W3BB3AC3909",
    "linkIdentifier": "10315397",
    "text": "Great Value Unsalted Tops Saltine Crackers, 16 oz",
    "href": "/ip/Great-Value-Unsalted-Tops-Crackers-16-Oz/10315397?classType=VARIANT&athbdg=L1600",
    "currentPrice": "current price $1.92",
    "pricePerOz": "12.0 ¢/oz",
    "pickup": "Pickup today",
    "delivery": "Delivery today",
    "shipping": "N/A"
  },
  {
    "ioId": "4NT26SWSKKLH",
    "linkIdentifier": "797351932",
    "text": "Wheat Thins Hint of Salt Low Sodium Whole Grain Wheat Crackers, 8.5 oz",
    "href": "/ip/Wheat-Thins-Hint-of-Salt-Low-Sodium-Whole-Grain-Wheat-Crackers-8-5-oz/797351932?classType=VARIANT",
    "currentPrice": "current price $3.78",
    "pricePerOz": "44.5 ¢/oz",
    "pickup": "Pickup today",
    "delivery": "Delivery today",
    "shipping": "N/A"
  },
  {
    "ioId": "4YZY9EPH2KTF",
    "linkIdentifier": "10403195",
    "text": "Goldfish Flavor Blasted Crackers, Xtra Cheddar Snack Packs, 12 Count Multipack",
    "href": "/ip/Goldfish-Flavor-Blasted-Crackers-Xtra-Cheddar-Snack-Packs-12-Count-Multipack/10403195?classType=REGULAR&athbdg=L1600",
    "currentPrice": "current price $6.68",
    "pricePerOz": "61.9 ¢/oz",
    "pickup": "Pickup today",
    "delivery": "Delivery today",
    "shipping": "Shipping, arrives tomorrow"
  },
  {
    "ioId": "2BHO4FODFBY3",
    "linkIdentifier": "5064390795",
    "text": "Lance Sandwich Crackers, Toasty Peanut Butter, 10 Individually Wrapped Packs, 6 Sandwiches Each",
    "href": "/ip/Lance-Sandwich-Crackers-Toasty-Peanut-Butter-10-Individually-Wrapped-Packs-6-Sandwiches-Each/5064390795?classType=REGULAR",
    "currentPrice": "current price $4.32",
    "pricePerOz": "33.8 ¢/oz",
    "pickup": "Pickup today",
    "delivery": "Delivery today",
    "shipping": "N/A"
  },
  {
    "ioId": "5JGXGX6XUCIT",
    "linkIdentifier": "124680746",
    "text": "Jovial Sea Salt Einkorn Crackers, 4.5 Oz, Pack Of 10",
    "href": "/ip/Jovial-Sea-Salt-Einkorn-Crackers-4-5-Oz-Pack-Of-10/124680746?classType=REGULAR",
    "currentPrice": "current price $69.95",
    "pricePerOz": "$15.54/oz",
    "pickup": "Free shipping, arrives in 3+ days",
    "delivery": "N/A",
    "shipping": "N/A"
  },
  {
    "ioId": "6DPRGNAPBHYD",
    "linkIdentifier": "603696619",
    "text": "Goldfish Crackers, Flavor Blasted Xtra Cheddar Crackers, Family Size, 10 oz Bag",
    "href": "/ip/Goldfish-Crackers-Flavor-Blasted-Xtra-Cheddar-Crackers-Family-Size-10-oz-Bag/603696619?classType=REGULAR&athbdg=L1600",
    "currentPrice": "current price $3.52",
    "pricePerOz": "35.2 ¢/oz",
    "pickup": "Pickup today",
    "delivery": "Delivery today",
    "shipping": "N/A"
  },
  {
    "ioId": "5QIZXHAMMIX3",
    "linkIdentifier": "5086002371",
    "text": "RITZ Peanut Butter Sandwich Crackers, 20 Snack Packs (6 Crackers Per Pack)",
    "href": "/ip/RITZ-Peanut-Butter-Sandwich-Crackers-20-Snack-Packs-6-Crackers-Per-Pack/5086002371?classType=REGULAR&athbdg=L1600",
    "currentPrice": "current price $7.98",
    "pricePerOz": "28.9 ¢/oz",
    "pickup": "Pickup today",
    "delivery": "Delivery today",
    "shipping": "Shipping, arrives tomorrow"
  },
  {
    "ioId": "7JENAEUCRLJ4",
    "linkIdentifier": "132401697",
    "text": "Cheez-It DUOZ Bacon and Cheddar Baked Snack Crackers, Lunch Snacks, 12.4 oz",
    "href": "/ip/Cheez-It-DUOZ-Bacon-and-Cheddar-Crackers-Baked-Snack-Crackers-12-4-oz/132401697?classType=VARIANT&athbdg=L1300",
    "currentPrice": "current price Now $3.38",
    "pricePerOz": "$3.78",
    "pickup": "Pickup today",
    "delivery": "Delivery today",
    "shipping": "N/A"
  },
  {
    "ioId": "2GEUE97P65B4",
    "linkIdentifier": "3363137652",
    "text": "Lance Sandwich Crackers, Captain's Wafers Cream Cheese and Chives, 10 Packs, 6 Sandwiches Each",
    "href": "/ip/Lance-Sandwich-Crackers-Captain-s-Wafers-Cream-Cheese-and-Chives-10-Packs-6-Sandwiches-Each/3363137652?classType=REGULAR&athbdg=L1600",
    "currentPrice": "current price $4.32",
    "pricePerOz": "31.5 ¢/oz",
    "pickup": "Pickup today",
    "delivery": "Delivery today",
    "shipping": "N/A"
  },
  {
    "ioId": "74JU625HOCO3",
    "linkIdentifier": "33963482",
    "text": "Cheez-It Grooves Sharp White Cheddar Crunchy Cheese Crackers, Snack Crackers, 9 oz",
    "href": "/ip/Cheez-It-Grooves-Sharp-White-Cheddar-Crispy-Cracker-Chips-9-oz/33963482?classType=VARIANT&athbdg=L1300",
    "currentPrice": "current price Now $3.38",
    "pricePerOz": "$3.78",
    "pickup": "Pickup today",
    "delivery": "Delivery today",
    "shipping": "N/A"
  },
  {
    "ioId": "2IND09TDKD4L",
    "linkIdentifier": "10294707",
    "text": "Goldfish Cheddar Cheese Crackers, Baked Snack Crackers, 6.6 oz Bag",
    "href": "/ip/Goldfish-Cheddar-Cheese-Crackers-Baked-Snack-Crackers-6-6-oz-Bag/10294707?classType=REGULAR&athbdg=L1600",
    "currentPrice": "current price $2.77",
    "pricePerOz": "42.0 ¢/oz",
    "pickup": "Pickup today",
    "delivery": "Delivery today",
    "shipping": "N/A"
  },
  {
    "ioId": "4FK01F7HIN95",
    "linkIdentifier": "50924571",
    "text": "Cheez-It Grooves Sharp White Cheddar Crunchy Cheese Crackers, Snack Crackers, 17 oz",
    "href": "/ip/Cheez-It-Grooves-Sharp-White-Cheddar-Crispy-Cracker-Chips-17-oz/50924571?classType=VARIANT",
    "currentPrice": "current price $5.78",
    "pricePerOz": "34.0 ¢/oz",
    "pickup": "Pickup today",
    "delivery": "Delivery today",
    "shipping": "Shipping, arrives tomorrow"
  },
  {
    "ioId": "4HM77JCLUKXX",
    "linkIdentifier": "10294708",
    "text": "Goldfish Flavor Blasted Xtra Cheddar Cheese Crackers, Baked Snack Crackers, 6.6 oz Bag",
    "href": "/ip/Goldfish-Flavor-Blasted-Xtra-Cheddar-Cheese-Crackers-Baked-Snack-Crackers-6-6-oz-Bag/10294708?classType=REGULAR&athbdg=L1600",
    "currentPrice": "current price $2.77",
    "pricePerOz": "42.0 ¢/oz",
    "pickup": "Pickup today",
    "delivery": "Delivery today",
    "shipping": "N/A"
  },
  {
    "ioId": "3CAKBTCUHQMA",
    "linkIdentifier": "399966230",
    "text": "Goldfish Crackers, Cheddar Crackers, Family Size, 10 oz Bag",
    "href": "/ip/Goldfish-Crackers-Cheddar-Crackers-Family-Size-10-oz-Bag/399966230?classType=REGULAR",
    "currentPrice": "current price $3.52",
    "pricePerOz": "35.2 ¢/oz",
    "pickup": "Pickup today",
    "delivery": "Delivery today",
    "shipping": "N/A"
  },
  {
    "ioId": "1RZ34E23170H",
    "linkIdentifier": "10294706",
    "text": "Goldfish Colors Cheddar Cheese Crackers, Baked Snack Crackers, 6.6 oz Bag",
    "href": "/ip/Goldfish-Colors-Cheddar-Cheese-Crackers-Baked-Snack-Crackers-6-6-oz-Bag/10294706?classType=REGULAR",
    "currentPrice": "current price $2.77",
    "pricePerOz": "42.0 ¢/oz",
    "pickup": "Pickup today",
    "delivery": "Delivery today",
    "shipping": "N/A"
  },
  {
    "ioId": "3571FOFS38BN",
    "linkIdentifier": "44883367",
    "text": "Nutella & GO! 4 Pack, Hazelnut and Cocoa Spread with Breadsticks, Snack Cups, 1.8 oz Each",
    "href": "/ip/Discontinued-NUTELLA-GO-T4/44883367?classType=REGULAR",
    "currentPrice": "current price Now $5.98",
    "pricePerOz": "$6.98",
    "pickup": "Pickup today",
    "delivery": "Delivery today",
    "shipping": "N/A"
  },
  {
    "ioId": "4E0Q36HAYH8N",
    "linkIdentifier": "5068347985",
    "text": "Lance Sandwich Crackers, ToastChee Peanut Butter, 10 Individual Packs, 6 Sandwiches Each",
    "href": "/ip/Lance-Sandwich-Crackers-ToastChee-Peanut-Butter-10-Individual-Packs-6-Sandwiches-Each/5068347985?classType=REGULAR",
    "currentPrice": "current price $4.32",
    "pricePerOz": "28.6 ¢/oz",
    "pickup": "Pickup today",
    "delivery": "Delivery today",
    "shipping": "N/A"
  },
  {
    "ioId": "1OAPYZPTRUYL",
    "linkIdentifier": "10996799",
    "text": "Cheez-It White Cheddar Cheese Crackers, Baked Snack Crackers, 21 oz",
    "href": "/ip/Sunshine-Cheez-It-White-Cheddar-Snack-Crackers-21-oz/10996799?classType=REGULAR",
    "currentPrice": "current price $5.78",
    "pricePerOz": "27.5 ¢/oz",
    "pickup": "Pickup today",
    "delivery": "Delivery today",
    "shipping": "Shipping, arrives tomorrow"
  },
  {
    "ioId": "5J7SI9D6ZGO8",
    "linkIdentifier": "1549245491",
    "text": "Pepperidge Farm, Golden Butter Crackers, 9.75Oz Box (Pack Of 2)",
    "href": "/ip/Pepperidge-Farm-Golden-Butter-Crackers-9-75Oz-Box-Pack-Of-2/1549245491?classType=REGULAR",
    "currentPrice": "N/A",
    "pricePerOz": "N/A",
    "pickup": "Free shipping, arrives in 3+ days",
    "delivery": "N/A",
    "shipping": "N/A"
  },
  {
    "ioId": "1YSVUJ1M5RN7",
    "linkIdentifier": "253680066",
    "text": "Goldfish Cheddar Cheese Crackers, Baked Snack Crackers, 1 oz on-The-Go Snack Packs, 20 Count Box",
    "href": "/ip/Pepperidge-Farm-20oz-Gf-Ched-20ct-Mp/253680066?classType=REGULAR",
    "currentPrice": "current price $10.26",
    "pricePerOz": "51.3 ¢/oz",
    "pickup": "Pickup today",
    "delivery": "Delivery today",
    "shipping": "N/A"
  },
  {
    "ioId": "28ASSYGGC3OX",
    "linkIdentifier": "792052316",
    "text": "Triscuit Fire Roasted Tomato & Olive Oil Whole Grain Wheat Crackers, 8.5 oz",
    "href": "/ip/Triscuit-Fire-Roasted-Tomato-Olive-Oil-Whole-Grain-Wheat-Crackers-8-5-oz/792052316?classType=VARIANT",
    "currentPrice": "current price $5.22",
    "pricePerOz": "61.4 ¢/oz",
    "pickup": "Shipping, arrives in 3+ days",
    "delivery": "N/A",
    "shipping": "N/A"
  },
  {
    "ioId": "11NJ6NQPM25D",
    "linkIdentifier": "15580725",
    "text": "Cheez-It Double Cheese Snack Mix, Lunch Snacks, 9.75 oz",
    "href": "/ip/Cheez-It-Double-Cheese-Snack-Mix-Lunch-Snacks-9-75-oz/15580725?classType=VARIANT",
    "currentPrice": "current price Now $3.38",
    "pricePerOz": "$3.78",
    "pickup": "Pickup today",
    "delivery": "Delivery today",
    "shipping": "N/A"
  },
  {
    "ioId": "62347EGSWR50",
    "linkIdentifier": "33963487",
    "text": "Cheez-It Grooves Zesty Cheddar Ranch Cheese Crackers, Crunchy Snack Crackers, 9 oz",
    "href": "/ip/Cheez-It-Grooves-Zesty-Cheddar-Ranch-Crispy-Cracker-Chips-9-oz/33963487?classType=VARIANT",
    "currentPrice": "current price Now $3.38",
    "pricePerOz": "$3.78",
    "pickup": "Pickup today",
    "delivery": "Delivery today",
    "shipping": "N/A"
  },
  {
    "ioId": "26519TPOZRC9",
    "linkIdentifier": "535799803",
    "text": "Cheez-It Snap'd Double Cheese Cracker Chips, Thin Crisps, 7.5 oz",
    "href": "/ip/Cheez-It-Snap-d-Double-Cheese-Cracker-Chips-Thin-Crisps-7-5-oz/535799803?classType=VARIANT",
    "currentPrice": "current price $3.78",
    "pricePerOz": "50.4 ¢/oz",
    "pickup": "Pickup today",
    "delivery": "Delivery today",
    "shipping": "Shipping, arrives tomorrow"
  },
  {
    "ioId": "40SVUXPJ70AE",
    "linkIdentifier": "1111431499",
    "text": "Reese's Milk Chocolate Peanut Butter Dipped Animal Crackers, Bag 4.25 oz",
    "href": "/ip/Reese-s-Milk-Chocolate-Peanut-Butter-Dipped-Animal-Crackers-Bag-4-25-oz/1111431499?classType=VARIANT",
    "currentPrice": "current price Now $4.36",
    "pricePerOz": "$8.08",
    "pickup": "Shipping, arrives in 3+ days",
    "delivery": "N/A",
    "shipping": "N/A"
  },
  {
    "ioId": "1HFPZ2XE9V2K",
    "linkIdentifier": "10452293",
    "text": "Lunchables Light Bologna & American Cheese Cracker Stackers Kids Lunch Snack, 3.1 oz Tray",
    "href": "/ip/Lunchables-Light-Bologna-American-Cheese-Cracker-Stackers-Kids-Lunch-Snack-3-1-oz-Tray/10452293?classType=REGULAR",
    "currentPrice": "current price Now $1.58",
    "pricePerOz": "$1.96",
    "pickup": "Pickup today",
    "delivery": "Delivery today",
    "shipping": "N/A"
  },
  {
    "ioId": "5P4IYU90DYYU",
    "linkIdentifier": "21009120",
    "text": "Cheez-It Extra Big Cheese Crackers, Baked Snack Crackers, 11.7 oz",
    "href": "/ip/Cheez-It-Extra-Big-Cheese-Crackers-Baked-Snack-Crackers-11-7-oz/21009120?classType=VARIANT",
    "currentPrice": "current price Now $3.38",
    "pricePerOz": "$3.78",
    "pickup": "Pickup today",
    "delivery": "Delivery today",
    "shipping": "N/A"
  },
  {
    "ioId": "3XPHMMXL2Q77",
    "linkIdentifier": "488867203",
    "text": "Lance Sandwich Crackers, Captain's Wafers Cream Cheese and Chives, 20 Packs, 6 Sandwiches Each",
    "href": "/ip/Lance-Sandwich-Crackers-Captain-s-Wafers-Cream-Cheese-and-Chives-20-Packs-6-Sandwiches-Each/488867203?classType=REGULAR",
    "currentPrice": "N/A",
    "pricePerOz": "N/A",
    "pickup": "Free shipping, arrives in 3+ days",
    "delivery": "N/A",
    "shipping": "N/A"
  },
  {
    "ioId": "7C0WEGCQU4EA",
    "linkIdentifier": "10292620",
    "text": "Premium Unsalted Tops Saltine Crackers, 16 oz",
    "href": "/ip/Nabisco-Premium-Unsalted-Tops-Saltine-Crackers-16-oz/10292620?classType=VARIANT",
    "currentPrice": "current price $3.68",
    "pricePerOz": "23.0 ¢/oz",
    "pickup": "Pickup today",
    "delivery": "Delivery today",
    "shipping": "N/A"
  },
  {
    "ioId": "32XJUNQESVDU",
    "linkIdentifier": "33311285",
    "text": "Schar Gluten Free Table Crackers, 7.4 Ounce - 1.2oz packs per case",
    "href": "/ip/Schar-Gluten-Free-Table-Crackers-7-4-Ounce-6-per-case/33311285?classType=VARIANT",
    "currentPrice": "current price $5.48",
    "pricePerOz": "74.1 ¢/oz",
    "pickup": "Pickup today",
    "delivery": "Delivery today",
    "shipping": "Shipping, arrives tomorrow"
  },
  {
    "ioId": "7H34DRR8XTGL",
    "linkIdentifier": "2635709546",
    "text": "Cheez-It Original Cheese Crackers, Baked Snack Crackers, 25 oz",
    "href": "/ip/Cheez-It-Original-Cheese-Crackers-Baked-Snack-Crackers-25-oz/2635709546?classType=VARIANT",
    "currentPrice": "current price $6.98",
    "pricePerOz": "27.9 ¢/oz",
    "pickup": "Pickup today",
    "delivery": "Delivery today",
    "shipping": "Shipping, arrives tomorrow"
  },
  {
    "ioId": "25ANBF6CS1NC",
    "linkIdentifier": "5068860423",
    "text": "(3 pack) RITZ Peanut Butter Sandwich Crackers, 8 - 1.38 oz Packs",
    "href": "/ip/RITZ-Peanut-Butter-Sandwich-Crackers-8-1-38-oz-Packs/5068860423?classType=REGULAR",
    "currentPrice": "current price $11.91",
    "pricePerOz": "36.1 ¢/oz",
    "pickup": "Pickup today",
    "delivery": "Delivery today",
    "shipping": "Shipping, arrives tomorrow"
  },
  {
    "ioId": "55U1HHOZDVTY",
    "linkIdentifier": "143358235",
    "text": "Cheez-It DUOZ Jalapeo and Cheddar Jack Baked Snack Crackers, Lunch Snacks, 12.4 oz",
    "href": "/ip/Cheez-It-DUOZ-Jalapeno-Cheddar-Jack-Crackers-Baked-Snack-Crackers-12-4-oz/143358235?classType=VARIANT",
    "currentPrice": "current price Now $3.38",
    "pricePerOz": "$3.78",
    "pickup": "Pickup today",
    "delivery": "Delivery today",
    "shipping": "N/A"
  },
  {
    "ioId": "6VNRK9HO3I5J",
    "linkIdentifier": "38452157",
    "text": "Munchies Cheetos Cheddar Cheese Sandwich Crackers, 1.38 oz Packs, 8 Count",
    "href": "/ip/Munchies-Cheetos-Cheddar-Cheese-Sandwich-Crackers-1-38-oz-8-Count/38452157?classType=REGULAR",
    "currentPrice": "N/A",
    "pricePerOz": "N/A",
    "pickup": "Free shipping, arrives in 3+ days",
    "delivery": "N/A",
    "shipping": "N/A"
  },
  {
    "ioId": "0TFHENZA8H5Z",
    "linkIdentifier": "10535456",
    "text": "Goldfish Pretzel Crackers, Snack Crackers, 8 oz Bag",
    "href": "/ip/Pepperidge-Farm-Goldfish-Pretzel-Baked-Snack-Crackers-8-Oz/10535456?classType=REGULAR",
    "currentPrice": "current price $2.77",
    "pricePerOz": "34.6 ¢/oz",
    "pickup": "Pickup today",
    "delivery": "Delivery today",
    "shipping": "N/A"
  },
  {
    "ioId": "20DB4JXSTHD3",
    "linkIdentifier": "178921539",
    "text": "Triscuit Garden Herb Whole Grain Wheat Crackers, 8.5 oz",
    "href": "/ip/Triscuit-Garden-Herb-Whole-Grain-Wheat-Crackers-8-5-oz/178921539?classType=VARIANT",
    "currentPrice": "current price $3.78",
    "pricePerOz": "N/A",
    "pickup": "Pickup today",
    "delivery": "Delivery today",
    "shipping": "N/A"
  },
  {
    "ioId": "10AFMJT6MPG3",
    "linkIdentifier": "11045775",
    "text": "Kellogg's Zesta Original Saltine Crackers, Soup Crackers, 16 oz",
    "href": "/ip/Keebler-Zesta-Saltine-Original-Crackers-16-oz/11045775?classType=REGULAR",
    "currentPrice": "N/A",
    "pricePerOz": "N/A",
    "pickup": "Free shipping, arrives in 3+ days",
    "delivery": "N/A",
    "shipping": "N/A"
  },
  {
    "ioId": "3S2XNSW5M75C",
    "linkIdentifier": "410463622",
    "text": "Milton's Gluten Free Crackers - Olive Oil & Sea Salt, 4.5oz, Plastic Bag",
    "href": "/ip/Milton-s-Craft-Bakers-Crispy-Gluten-Free-Olive-Oil-Sea-Salt-Baked-Crackers-4-5oz/410463622?classType=REGULAR",
    "currentPrice": "current price $10.00",
    "pricePerOz": "$2.22/oz",
    "pickup": "Shipping, arrives tomorrow",
    "delivery": "N/A",
    "shipping": "N/A"
  },
  {
    "ioId": "75AENV4AYMHT",
    "linkIdentifier": "3883989723",
    "text": "Simple Mills Cheddar Pop Mmms, Gluten Free Baked Snack Crackers, 4 oz Box",
    "href": "/ip/Simple-Mills-Cheddar-Pop-Mmms-Gluten-Free-Baked-Snack-Crackers-4-oz-Box/3883989723?classType=REGULAR",
    "currentPrice": "N/A",
    "pricePerOz": "N/A",
    "pickup": "Free shipping, arrives in 3+ days",
    "delivery": "N/A",
    "shipping": "N/A"
  },
  {
    "ioId": "1CJVU0SHL0M7",
    "linkIdentifier": "100437682",
    "text": "Simple Mills Almond Flour Crackers, Farmhouse Cheddar Gluten-Free Crackers, 4.25 oz",
    "href": "/ip/Simple-Mills-Almond-Flour-Crackers-Farmhouse-Cheddar-Gluten-Free-Crackers-4-25-oz/100437682?classType=REGULAR",
    "currentPrice": "current price $4.48",
    "pricePerOz": "$1.04/oz",
    "pickup": "N/A",
    "delivery": "N/A",
    "shipping": "N/A"
  },
  {
    "ioId": "6WVT6XC594YP",
    "linkIdentifier": "10292698",
    "text": "Honey Maid Cinnamon Graham Crackers, 14.4 oz",
    "href": "/ip/NABISCO-HONEY-MAID-CINNAMON-GRAHAMS/10292698?classType=REGULAR&athbdg=L1600",
    "currentPrice": "current price $4.68",
    "pricePerOz": "32.5 ¢/oz",
    "pickup": "Pickup today",
    "delivery": "Delivery today",
    "shipping": "Shipping, arrives tomorrow"
  },
  {
    "ioId": "57N7N01T57VK",
    "linkIdentifier": "888875378",
    "text": "Lunchables Turkey & American Cheese Cracker Stackers Kids Lunch Snack, 3.2 oz Tray",
    "href": "/ip/Lunchables-Turkey-American-Cheese-Cracker-Stackers-Kids-Lunch-Snack-3-2-oz-Tray/888875378?classType=REGULAR&athbdg=L1600",
    "currentPrice": "current price Now $1.58",
    "pricePerOz": "$1.96",
    "pickup": "Pickup today",
    "delivery": "Delivery today",
    "shipping": "N/A"
  },
  {
    "ioId": "1OMHOPIWGZ9L",
    "linkIdentifier": "1204878457",
    "text": "Good Thins Mixed Seed Rice Snacks Gluten Free Crackers, 3.5 oz",
    "href": "/ip/Good-Thins-Mixed-Seed-Rice-Snacks-Gluten-Free-Crackers-3-5-oz/1204878457?classType=VARIANT",
    "currentPrice": "current price $3.58",
    "pricePerOz": "$1.02/oz",
    "pickup": "Pickup today",
    "delivery": "Delivery today",
    "shipping": "Shipping, arrives tomorrow"
  },
  {
    "ioId": "2K3QTL2XGDXC",
    "linkIdentifier": "10403196",
    "text": "Goldfish Colors Crackers, Snack Pack, 0.9 oz, 12 CT Multi-Pack Tray",
    "href": "/ip/Goldfish-Colors-Crackers-Snack-Pack-0-9-oz-12-CT-Multi-Pack-Tray/10403196?classType=REGULAR&athbdg=L1600",
    "currentPrice": "current price $6.68",
    "pricePerOz": "61.9 ¢/oz",
    "pickup": "Pickup today",
    "delivery": "Delivery today",
    "shipping": "Shipping, arrives tomorrow"
  },
  {
    "ioId": "1JWXBVGEUCWP",
    "linkIdentifier": "10789388",
    "text": "Keebler Export Sodas Original Soda Crackers, Soup Crackers, 28 oz",
    "href": "/ip/Keebler-Original-Export-Soda-Crackers-28-Oz/10789388?classType=REGULAR",
    "currentPrice": "current price $6.88",
    "pricePerOz": "24.6 ¢/oz",
    "pickup": "Shipping, arrives tomorrow",
    "delivery": "N/A",
    "shipping": "N/A"
  },
  {
    "ioId": "56GFJR6AKMM1",
    "linkIdentifier": "1119136301",
    "text": "Austin Cheddar Cheese on Cheese Sandwich Crackers, Single Serve Snack Crackers, 20 Count",
    "href": "/ip/Austin-Cheddar-Cheese-on-Cheese-Sandwich-Crackers-Single-Serve-Snack-Crackers-20-Count/1119136301?classType=VARIANT",
    "currentPrice": "current price $6.84",
    "pricePerOz": "24.8 ¢/oz",
    "pickup": "Pickup today",
    "delivery": "Delivery today",
    "shipping": "Shipping, arrives tomorrow"
  },
  {
    "ioId": "4UOH9DX9B452",
    "linkIdentifier": "117227036",
    "text": "RITZ Toasted Chips Sour Cream and Onion Crackers, Family Size, 11.4 oz",
    "href": "/ip/RITZ-Toasted-Chips-Sour-Cream-and-Onion-Crackers-Family-Size-11-4-oz/117227036?classType=VARIANT",
    "currentPrice": "current price $4.98",
    "pricePerOz": "43.7 ¢/oz",
    "pickup": "Pickup today",
    "delivery": "Delivery today",
    "shipping": "N/A"
  },
  {
    "ioId": "7GAMEJ997JER",
    "linkIdentifier": "358346191",
    "text": "Simple Mills Veggie Flour Pita Crackers, Himalayan Salt, Gluten-Free Crackers, 4.25 oz",
    "href": "/ip/Simple-Mills-Veggie-Flour-Pita-Crackers-Himalayan-Salt-Gluten-Free-Crackers-4-25-oz/358346191?classType=VARIANT",
    "currentPrice": "current price $5.18",
    "pricePerOz": "$1.21/oz",
    "pickup": "Pickup today",
    "delivery": "Delivery today",
    "shipping": "N/A"
  },
  {
    "ioId": "4FWUC2DAOPAA",
    "linkIdentifier": "322173605",
    "text": "Goldfish Crackers, Colors Crackers, Family Size, 10 oz Bag",
    "href": "/ip/Goldfish-Crackers-Colors-Crackers-Family-Size-10-oz-Bag/322173605?classType=REGULAR",
    "currentPrice": "current price $3.52",
    "pricePerOz": "35.2 ¢/oz",
    "pickup": "Pickup today",
    "delivery": "Delivery today",
    "shipping": "N/A"
  },
  {
    "ioId": "563POV5ABTDY",
    "linkIdentifier": "5032226399",
    "text": "Triscuit Thin Crisps Sour Cream & Onion Whole Grain Wheat Crackers, 7.1 oz",
    "href": "/ip/Triscuit-Thin-Crisps-Sour-Cream-Onion-Whole-Grain-Wheat-Crackers-7-1-oz/5032226399?classType=REGULAR",
    "currentPrice": "current price $3.78",
    "pricePerOz": "53.2 ¢/oz",
    "pickup": "Shipping, arrives tomorrow",
    "delivery": "N/A",
    "shipping": "N/A"
  },
  {
    "ioId": "4P852ULA2AUG",
    "linkIdentifier": "10450476",
    "text": "Goldfish Original Crackers, Snack Crackers, 6.6 oz Bag",
    "href": "/ip/Goldfish-Original-Crackers-Snack-Crackers-6-6-oz-Bag/10450476?classType=REGULAR",
    "currentPrice": "current price $2.77",
    "pricePerOz": "42.0 ¢/oz",
    "pickup": "Pickup today",
    "delivery": "Delivery today",
    "shipping": "N/A"
  },
  {
    "ioId": "5MRV96DZQPM9",
    "linkIdentifier": "37481729",
    "text": "Cheez-It Original Cheese Crackers, Baked Snack Crackers, 12 Count",
    "href": "/ip/Cheez-It-Original-Baked-Snack-Crackers-1-oz-12-count/37481729?classType=REGULAR&athbdg=L1600",
    "currentPrice": "current price $6.48",
    "pricePerOz": "54.0 ¢/oz",
    "pickup": "Pickup today",
    "delivery": "Delivery today",
    "shipping": "Shipping, arrives tomorrow"
  },
  {
    "ioId": "4PL3FSGBC0K9",
    "linkIdentifier": "579477208",
    "text": "Crunchmaster Multi-Grain Crackers 21 oz.",
    "href": "/ip/Crunchmaster-Multi-Grain-Crackers-21-oz/579477208?classType=REGULAR",
    "currentPrice": "current price $21.98",
    "pricePerOz": "N/A",
    "pickup": "Free shipping, arrives in 3+ days",
    "delivery": "N/A",
    "shipping": "N/A"
  },
  {
    "ioId": "4KLAH91X2G3V",
    "linkIdentifier": "1837462801",
    "text": "Austin Peanut Butter on Cheese Sandwich Crackers, Single Serve Snack Crackers, 20 Count",
    "href": "/ip/Austin-Peanut-Butter-on-Cheese-Sandwich-Crackers-Single-Serve-Snack-Crackers-20-Count/1837462801?classType=REGULAR&athbdg=L1600",
    "currentPrice": "current price $6.84",
    "pricePerOz": "24.8 ¢/oz",
    "pickup": "Pickup today",
    "delivery": "Delivery today",
    "shipping": "Shipping, arrives tomorrow"
  },
  {
    "ioId": "2PZDJ4N66G7C",
    "linkIdentifier": "10996968",
    "text": "Goldfish Parmesan Crackers, Snack Crackers, 6.6 oz Bag",
    "href": "/ip/Goldfish-Parmesan-Crackers-Snack-Crackers-6-6-oz-Bag/10996968?classType=REGULAR",
    "currentPrice": "current price $2.77",
    "pricePerOz": "42.0 ¢/oz",
    "pickup": "Pickup today",
    "delivery": "Delivery today",
    "shipping": "N/A"
  },
  {
    "ioId": "21ZLQJMQMLA4",
    "linkIdentifier": "22474665",
    "text": "Pepperidge Farm Goldfish Grahams Vanilla Cupcake Baked Grahams, 6.6 oz Bag",
    "href": "/ip/Goldfish-Grahams-Vanilla-Cupcake-Crackers-Snack-Crackers-6-6-oz-Bag/22474665?classType=REGULAR",
    "currentPrice": "current price $2.77",
    "pricePerOz": "42.0 ¢/oz",
    "pickup": "Pickup today",
    "delivery": "Delivery today",
    "shipping": "N/A"
  },
  {
    "ioId": "79LBALD8A9VQ",
    "linkIdentifier": "588972715",
    "text": "Cheez-It Snap'd Double Cheese Cracker Chips, Thin Crisps, 12 oz",
    "href": "/ip/Cheez-It-Snap-d-Double-Cheese-Cracker-Chips-Thin-Crisps-12-oz/588972715?classType=VARIANT",
    "currentPrice": "current price Now $4.87",
    "pricePerOz": "$5.78",
    "pickup": "Pickup today",
    "delivery": "Delivery today",
    "shipping": "Shipping, arrives tomorrow"
  },
  {
    "ioId": "32BS1Y49A51F",
    "linkIdentifier": "21289061",
    "text": "Munchies Jalapeno Cheddar Sandwich Crackers, 8 Packs",
    "href": "/ip/Munchies-Jalapeno-Cheddar-Sandwich-Crackers-8-Packs/21289061?classType=REGULAR",
    "currentPrice": "current price $3.99",
    "pricePerOz": "36.3 ¢/oz",
    "pickup": "Shipping, arrives in 3+ days",
    "delivery": "N/A",
    "shipping": "N/A"
  },
  {
    "ioId": "4AV8XFI29VZ7",
    "linkIdentifier": "5067233416",
    "text": "Lance Sandwich Crackers, Captain's Wafers, Variety Pack, 10 Individual Packs, 6 Sandwiches Each",
    "href": "/ip/Lance-Sandwich-Crackers-Captain-s-Wafers-Variety-Pack-10-Individual-Packs-6-Sandwiches-Each/5067233416?classType=REGULAR",
    "currentPrice": "current price $4.32",
    "pricePerOz": "31.5 ¢/oz",
    "pickup": "Pickup today",
    "delivery": "Delivery today",
    "shipping": "N/A"
  },
  {
    "ioId": "76YLZNWZVTL5",
    "linkIdentifier": "5099906764",
    "text": "Lance Sandwich Crackers, Variety Pack, 3 Flavors, 10 Individually Wrapped Packs, 6 Sandwiches Each",
    "href": "/ip/Lance-Sandwich-Crackers-Variety-Pack-3-Flavors-10-Individually-Wrapped-Packs-6-Sandwiches-Each/5099906764?classType=REGULAR",
    "currentPrice": "current price $4.32",
    "pricePerOz": "31.5 ¢/oz",
    "pickup": "Pickup today",
    "delivery": "Delivery today",
    "shipping": "N/A"
  },
  {
    "ioId": "3EPHUULJZI5S",
    "linkIdentifier": "33469618",
    "text": "Club Multigrain Crackers, Lunch Snacks, 12.7 oz",
    "href": "/ip/Club-Multigrain-Crackers-Lunch-Snacks-12-7-oz/33469618?classType=VARIANT",
    "currentPrice": "current price $4.18",
    "pricePerOz": "32.9 ¢/oz",
    "pickup": "Pickup today",
    "delivery": "Delivery today",
    "shipping": "Shipping, arrives tomorrow"
  },
  {
    "ioId": "5MJ1TJZ2380Y",
    "linkIdentifier": "5763514533",
    "text": "bettergoods Thai-Style Pineapple Fried Rice Crackers, 4.5 oz",
    "href": "/ip/bettergoods-Pineapple-Fried-Rice-Crackers/5763514533?classType=VARIANT",
    "currentPrice": "current price $2.97",
    "pricePerOz": "66.0 ¢/oz",
    "pickup": "Shipping, arrives tomorrow",
    "delivery": "N/A",
    "shipping": "N/A"
  },
  {
    "ioId": "5EZWYJRSZJRP",
    "linkIdentifier": "1818229996",
    "text": "Cheez-It Extra Toasty Cheddar Jack Cheese Crackers, Baked Snack Crackers, 12.4 oz",
    "href": "/ip/Cheez-It-Extra-Toasty-Cheddar-Jack-Cheese-Crackers-Baked-Snack-Crackers-12-4-oz/1818229996?classType=REGULAR",
    "currentPrice": "current price Now $3.38",
    "pricePerOz": "$3.78",
    "pickup": "Pickup today",
    "delivery": "Delivery today",
    "shipping": "N/A"
  },
  {
    "ioId": "7EILG3L708DJ",
    "linkIdentifier": "40328664",
    "text": "Schar Gluten Free Entertainment Crackers with Sea Salt, 6.2 oz",
    "href": "/ip/Schar-Gluten-Free-Entertainment-Crackers-with-Sea-Salt-6-2-oz/40328664?classType=VARIANT",
    "currentPrice": "current price $3.92",
    "pricePerOz": "63.2 ¢/oz",
    "pickup": "Shipping, arrives tomorrow",
    "delivery": "N/A",
    "shipping": "N/A"
  },
  {
    "ioId": "4U9GN52EYK82",
    "linkIdentifier": "977270211",
    "text": "Cheez-It Classic Snack Mix, Lunch Snacks, 12 Count",
    "href": "/ip/Cheez-It-Classic-Snack-Mix-Lunch-Snacks-12-Count/977270211?classType=VARIANT",
    "currentPrice": "current price $9.63",
    "pricePerOz": "$1.07/oz",
    "pickup": "Free shipping, arrives in 3+ days",
    "delivery": "N/A",
    "shipping": "N/A"
  },
  {
    "ioId": "1UMXFAY3BZ68",
    "linkIdentifier": "1907373326",
    "text": "Austin Variety Pack Sandwich Crackers, Single Serve Snack Crackers, 30 Count",
    "href": "/ip/Austin-Variety-Pack-Sandwich-Crackers-Single-Serve-Snack-Crackers-30-Count/1907373326?classType=VARIANT",
    "currentPrice": "current price $9.66",
    "pricePerOz": "23.3 ¢/oz",
    "pickup": "Shipping, arrives tomorrow",
    "delivery": "N/A",
    "shipping": "N/A"
  },
  {
    "ioId": "5UUUR6F2FIN7",
    "linkIdentifier": "709787565",
    "text": "Munchies Cheese Fix Party Size Snack Chips, 13 Ounce Bag",
    "href": "/ip/Munchies-Cheese-Fix-Party-Size-Snack-Chips-13-Ounce-Bag/709787565?classType=REGULAR",
    "currentPrice": "current price $5.88",
    "pricePerOz": "45.2 ¢/oz",
    "pickup": "Shipping, arrives tomorrow",
    "delivery": "N/A",
    "shipping": "N/A"
  },
  {
    "ioId": "773RGFLUUYV4",
    "linkIdentifier": "154204761",
    "text": "Cheez-It Buffalo Wing Cheese Crackers, Baked Snack Crackers, 12.4 oz",
    "href": "/ip/Sunshine-Cheez-it-Buffalo/154204761?classType=VARIANT",
    "currentPrice": "current price Now $3.38",
    "pricePerOz": "$3.78",
    "pickup": "Pickup today",
    "delivery": "Delivery today",
    "shipping": "Shipping, arrives tomorrow"
  },
  {
    "ioId": "0SMSHO43LQBJ",
    "linkIdentifier": "626322540",
    "text": "Keebler Fudge Stripes Minis, Baked Shortbread Cookies Coated in Keebler Fudge, 1 oz Pouches, 12 Ct",
    "href": "/ip/Keebler-Mini-Fudge-Stripe-Cookies-12-Count-Snack-Packs/626322540?classType=VARIANT&athbdg=L1600",
    "currentPrice": "current price $6.82",
    "pricePerOz": "56.8 ¢/oz",
    "pickup": "Pickup today",
    "delivery": "Delivery today",
    "shipping": "Shipping, arrives tomorrow"
  },
  {
    "ioId": "4906U5O6GZQS",
    "linkIdentifier": "37481732",
    "text": "Cheez-It Variety Pack Cheese Crackers, Baked Snack Crackers, 12 Count",
    "href": "/ip/Cheez-It-Variety-Pack-Cheese-Crackers-Baked-Snack-Crackers-12-Count/37481732?classType=REGULAR&athbdg=L1600",
    "currentPrice": "current price $6.48",
    "pricePerOz": "53.6 ¢/oz",
    "pickup": "Pickup today",
    "delivery": "Delivery today",
    "shipping": "Shipping, arrives tomorrow"
  },
  {
    "ioId": "2VX6C2QMCTON",
    "linkIdentifier": "142074538",
    "text": "Goldfish Crackers Big Smiles with Cheddar, Colors, and Pretzel Crackers, Snack Pack, 30 CT Variety Pack Box",
    "href": "/ip/Goldfish-Gf-30ct-Variety-Pack/142074538?classType=REGULAR",
    "currentPrice": "current price $12.86",
    "pricePerOz": "44.3 ¢/oz",
    "pickup": "Shipping, arrives tomorrow",
    "delivery": "N/A",
    "shipping": "N/A"
  },
  {
    "ioId": "76AB37VHZ36O",
    "linkIdentifier": "1768497533",
    "text": "Austin Peanut Butter on Toasty Sandwich Crackers, Single Serve Snack Crackers, 20 Count",
    "href": "/ip/Austin-Peanut-Butter-on-Toasty-Sandwich-Crackers-Single-Serve-Snack-Crackers-20-Count/1768497533?classType=VARIANT",
    "currentPrice": "current price $6.84",
    "pricePerOz": "24.8 ¢/oz",
    "pickup": "Pickup today",
    "delivery": "Delivery today",
    "shipping": "Shipping, arrives tomorrow"
  },
  {
    "ioId": "3YZH81EJEYKH",
    "linkIdentifier": "24553282",
    "text": "Cheez-It Hot and Spicy Cheese Crackers, Baked Snack Crackers, 12.4 oz",
    "href": "/ip/Cheez-It-Hot-and-Spicy-Cheese-Crackers-Baked-Snack-Crackers-12-4-oz/24553282?classType=VARIANT",
    "currentPrice": "current price Now $3.38",
    "pricePerOz": "$3.78",
    "pickup": "Pickup today",
    "delivery": "Delivery today",
    "shipping": "Shipping, arrives tomorrow"
  },
  {
    "ioId": "73X27QQ9ZYQ1",
    "linkIdentifier": "2737198414",
    "text": "Lance Sandwich Crackers, Captain's Wafers White Cheddar, 10 Individual Packs, 6 Sandwiches Each",
    "href": "/ip/Lance-Sandwich-Crackers-Captain-s-Wafers-White-Cheddar-10-Individual-Packs-6-Sandwiches-Each/2737198414?classType=REGULAR",
    "currentPrice": "current price $6.16",
    "pricePerOz": "45.0 ¢/oz",
    "pickup": "Free shipping, arrives in 3+ days",
    "delivery": "N/A",
    "shipping": "N/A"
  },
  {
    "ioId": "3B8QYXLZ7T1C",
    "linkIdentifier": "2551380550",
    "text": "Munchies Doritos Nacho Cheese Sandwich Crackers, 1.38 oz, 8 Count",
    "href": "/ip/Munchies-Doritos-Nacho-Cheese-Sandwich-Crackers-1-38-oz-8-Count/2551380550?classType=VARIANT",
    "currentPrice": "current price $13.79",
    "pricePerOz": "$1.25/oz",
    "pickup": "Shipping, arrives in 2 days",
    "delivery": "N/A",
    "shipping": "N/A"
  },
  {
    "ioId": "20ZP83BVKOH6",
    "linkIdentifier": "15610450",
    "text": "Club Original Crackers, Mini Snack Crackers, 11 oz",
    "href": "/ip/Keebler-Club-Minis-Original-Crackers-11-oz/15610450?classType=REGULAR",
    "currentPrice": "N/A",
    "pricePerOz": "N/A",
    "pickup": "Free shipping, arrives in 3+ days",
    "delivery": "N/A",
    "shipping": "N/A"
  },
  {
    "ioId": "1SGZ8UK4N08E",
    "linkIdentifier": "753810327",
    "text": "Lance Gluten Free Crackers, Baked Original Crackers, 5 oz Box",
    "href": "/ip/Lance-Gluten-Free-Crackers-Baked-Original-Crackers-5-oz-Box/753810327?classType=VARIANT",
    "currentPrice": "current price $5.56",
    "pricePerOz": "$1.11/oz",
    "pickup": "Shipping, arrives in 3+ days",
    "delivery": "N/A",
    "shipping": "N/A"
  },
  {
    "ioId": "1LKF4W56NIGV",
    "linkIdentifier": "175304368",
    "text": "Aloha Gourmet Premium Mix Arare, 16 Oz.",
    "href": "/ip/Aloha-Gourmet-Premium-Mix-Arare-16-Oz/175304368?classType=REGULAR",
    "currentPrice": "current price $4.98",
    "pricePerOz": "31.1 ¢/oz",
    "pickup": "N/A",
    "delivery": "N/A",
    "shipping": "N/A"
  },
  {
    "ioId": "2BYVAWN04G3C",
    "linkIdentifier": "2402373165",
    "text": "Lance Sandwich Crackers, Captain's Wafers Peanut Butter and Honey, 10 Packs, 6 Sandwiches Each",
    "href": "/ip/Lance-Sandwich-Crackers-Captain-s-Wafers-Peanut-Butter-and-Honey-10-Packs-6-Sandwiches-Each/2402373165?classType=REGULAR",
    "currentPrice": "current price $4.32",
    "pricePerOz": "31.5 ¢/oz",
    "pickup": "N/A",
    "delivery": "N/A",
    "shipping": "N/A"
  },
  {
    "ioId": "0WS9JWKJADEC",
    "linkIdentifier": "15686390",
    "text": "Keebler Cheese and Peanut Butter Sandwich Crackers, Single Serve Snack Crackers, 12 Count",
    "href": "/ip/Keebler-Cheese-and-Peanut-Butter-Sandwich-Crackers-Single-Serve-Snack-Crackers-12-Count/15686390?classType=VARIANT",
    "currentPrice": "current price $6.99",
    "pricePerOz": "$9.66",
    "pickup": "N/A",
    "delivery": "N/A",
    "shipping": "N/A"
  },
  {
    "ioId": "72Q3UC646QUB",
    "linkIdentifier": "967617776",
    "text": "Yehuda Passover Matzos, 1lb, 3 Pack",
    "href": "/ip/Yehuda-Passover-Matzos-1lb-3-Pack/967617776?classType=VARIANT",
    "currentPrice": "current price $18.99",
    "pricePerOz": "N/A",
    "pickup": "Shipping, arrives tomorrow",
    "delivery": "N/A",
    "shipping": "N/A"
  },
  {
    "ioId": "7IS8UEPJDS8Y",
    "linkIdentifier": "849084526",
    "text": "Cheez-It Variety Pack Cheese Crackers, Baked Snack Crackers, 20 Count",
    "href": "/ip/Cheez-It-Variety-Pack-Cheese-Crackers-Baked-Snack-Crackers-20-Count/849084526?classType=VARIANT",
    "currentPrice": "current price $9.86",
    "pricePerOz": "51.6 ¢/oz",
    "pickup": "Pickup today",
    "delivery": "Delivery today",
    "shipping": "Shipping, arrives tomorrow"
  },
  {
    "ioId": "53XNYDFUXSWH",
    "linkIdentifier": "127457221",
    "text": "Goldfish Star Wars Mandalorian Cheddar Crackers, Snack Crackers, 6.6 oz Bag",
    "href": "/ip/Goldfish-Star-Wars-Mandalorian-Cheddar-Crackers-Snack-Crackers-6-6-oz-Bag/127457221?classType=REGULAR",
    "currentPrice": "current price $2.77",
    "pricePerOz": "42.0 ¢/oz",
    "pickup": "Pickup today",
    "delivery": "Delivery today",
    "shipping": "N/A"
  },
  {
    "ioId": "4JOL72IHILLW",
    "linkIdentifier": "2338678177",
    "text": "Lance Sandwich Cookies, Nekot Fudge, 10 Individually Wrapped Packs, 6 Sandwiches Each",
    "href": "/ip/Lance-Sandwich-Cookies-Nekot-Fudge-10-Individually-Wrapped-Packs-6-Sandwiches-Each/2338678177?classType=REGULAR",
    "currentPrice": "current price $6.18",
    "pricePerOz": "35.9 ¢/oz",
    "pickup": "Free shipping, arrives in 3+ days",
    "delivery": "N/A",
    "shipping": "N/A"
  },
  {
    "ioId": "5UFVUG4YV7PK",
    "linkIdentifier": "50259429",
    "text": "Premium Original Saltine Crackers, Family Size, 24 oz",
    "href": "/ip/Nabisco-Original-Premium-Saltine-Crackers-24-oz/50259429?classType=REGULAR",
    "currentPrice": "N/A",
    "pricePerOz": "N/A",
    "pickup": "Free shipping, arrives in 3+ days",
    "delivery": "N/A",
    "shipping": "N/A"
  },
  {
    "ioId": "7E5Q43SZ5YF8",
    "linkIdentifier": "3030930159",
    "text": "Cheez-It Variety Pack Cheese Crackers, Baked Snack Crackers, 20 Count",
    "href": "/ip/Cheez-It-Variety-Pack-Cheese-Crackers-Baked-Snack-Crackers-20-Count/3030930159?classType=VARIANT",
    "currentPrice": "current price Now $9.86",
    "pricePerOz": "$13.00",
    "pickup": "Shipping, arrives tomorrow",
    "delivery": "N/A",
    "shipping": "N/A"
  },
  {
    "ioId": "6B9G3T0XANOG",
    "linkIdentifier": "46330149",
    "text": "Glutino Gluten Free Original Animal Crackers, 6 oz.",
    "href": "/ip/Glutino-Gluten-Free-Original-Animal-Crackers-6-oz/46330149?classType=VARIANT",
    "currentPrice": "current price $5.12",
    "pricePerOz": "85.3 ¢/oz",
    "pickup": "Shipping, arrives tomorrow",
    "delivery": "N/A",
    "shipping": "N/A"
  },
  {
    "ioId": "5QVPZBU77VC7",
    "linkIdentifier": "946318034",
    "text": "Goldfish Family Faves Crackers, Cheddar, Colors and Baby Crackers Snack Pack, 0.9 oz, 20-CT Variety Pack Box",
    "href": "/ip/Goldfish-Family-Faves-Crackers-Cheddar-Colors-and-Baby-Crackers-Snack-Pack-0-9-oz-20-CT-Variety-Pack-Box/946318034?classType=REGULAR",
    "currentPrice": "current price $10.26",
    "pricePerOz": "52.9 ¢/oz",
    "pickup": "Pickup today",
    "delivery": "Delivery today",
    "shipping": "Shipping, arrives tomorrow"
  },
  {
    "ioId": "7JEUBTEDXF2F",
    "linkIdentifier": "858608044",
    "text": "Goldfish Bold Mix Variety Pack Snack Crackers, 1 oz Snack Packs, 30 Ct",
    "href": "/ip/Goldfish-Bold-Mix-Variety-Pack-Snack-Crackers-1-oz-Snack-Packs-30-Ct/858608044?classType=REGULAR",
    "currentPrice": "current price $12.86",
    "pricePerOz": "47.6 ¢/oz",
    "pickup": "Shipping, arrives tomorrow",
    "delivery": "N/A",
    "shipping": "N/A"
  },
  {
    "ioId": "7E3UEYT9N4PT",
    "linkIdentifier": "228195893",
    "text": "Kellogg's Gripz Gripz Cheez-It Original Mini Cheese Crackers, Kids Snacks, 12 Count",
    "href": "/ip/Cheez-It-Gripz-Original-Tiny-Baked-Snack-Cheese-Crackers-Kids-Snacks-12-Count/228195893?classType=VARIANT",
    "currentPrice": "current price $6.48",
    "pricePerOz": "60.0 ¢/oz",
    "pickup": "Pickup today",
    "delivery": "Delivery today",
    "shipping": "Shipping, arrives tomorrow"
  },
  {
    "ioId": "6DFFWOH3M1YD",
    "linkIdentifier": "14715423944",
    "text": "(2 pack) Yehuda Matzo Thins Unsalted, 10.5 Oz",
    "href": "/ip/Yehuda-Matzo-Thins-Unsalted-10-5-Oz/14715423944?classType=REGULAR",
    "currentPrice": "current price $5.96",
    "pricePerOz": "28.4 ¢/oz",
    "pickup": "Shipping, arrives tomorrow",
    "delivery": "N/A",
    "shipping": "N/A"
  },
  {
    "ioId": "3FPXYFVKZH5G",
    "linkIdentifier": "1976663714",
    "text": "Lance Sandwich Crackers, ToastChee Cheddar, 10 Individually Wrapped Packs, 6 Sandwiches Each",
    "href": "/ip/Lance-Sandwich-Crackers-ToastChee-Cheddar-10-Individually-Wrapped-Packs-6-Sandwiches-Each/1976663714?classType=REGULAR",
    "currentPrice": "current price $4.32",
    "pricePerOz": "30.6 ¢/oz",
    "pickup": "Pickup today",
    "delivery": "Delivery today",
    "shipping": "N/A"
  },
  {
    "ioId": "12VQ43NZA0Q6",
    "linkIdentifier": "37620975",
    "text": "Haldiram's Aloo Bhujia Spicy Potato Fingers Noodles, 14.12 oz",
    "href": "/ip/Haldiram-s-Aloo-Bhujia-Spicy-Potato-Fingers-Noodles-14-12-oz/37620975?classType=REGULAR",
    "currentPrice": "current price $3.97",
    "pricePerOz": "28.2 ¢/oz",
    "pickup": "Pickup today",
    "delivery": "Delivery today",
    "shipping": "N/A"
  },
  {
    "ioId": "4XACDPEWXP6A",
    "linkIdentifier": "5229777518",
    "text": "Gamesa Saladitas Saltine Crackers, 16.2 oz",
    "href": "/ip/Gamesa-Saladitas-Saltine-Crackers-16-2-oz/5229777518?classType=REGULAR",
    "currentPrice": "current price $4.67",
    "pricePerOz": "28.8 ¢/oz",
    "pickup": "Shipping, arrives tomorrow",
    "delivery": "N/A",
    "shipping": "N/A"
  },
  {
    "ioId": "1ZA5J8DWBZ55",
    "linkIdentifier": "10450478",
    "text": "Goldfish Pizza Crackers, Snack Crackers, 6.6 oz Bag",
    "href": "/ip/Goldfish-Pizza-Crackers-Snack-Crackers-6-6-oz-Bag/10450478?classType=REGULAR",
    "currentPrice": "N/A",
    "pricePerOz": "N/A",
    "pickup": "Free shipping, arrives in 3+ days",
    "delivery": "N/A",
    "shipping": "N/A"
  },
  {
    "ioId": "3LJCFGYSUOS5",
    "linkIdentifier": "168980658",
    "text": "Goldfish Mega Bites, Cheddar Jalapeno Crackers, 5.9 oz Bag",
    "href": "/ip/Goldfish-Mega-Bites-Cheddar-Jalapeno-Crackers-5-9-oz-Bag/168980658?classType=REGULAR",
    "currentPrice": "current price $2.77",
    "pricePerOz": "46.9 ¢/oz",
    "pickup": "Pickup today",
    "delivery": "Delivery today",
    "shipping": "N/A"
  },
  {
    "ioId": "1J8SGQZB8ZGX",
    "linkIdentifier": "7863213161",
    "text": "Goldfish Grahams Cinnamon Roll Baked Snack Crackers, 6.6 oz Bag",
    "href": "/ip/PEPPERIDGE-FARM-GOLDFISH-CRACKERS-CINNAMON-ROLL-GRAHAM/7863213161?classType=REGULAR",
    "currentPrice": "current price Now $5.00",
    "pricePerOz": "$8.88",
    "pickup": "Shipping, arrives in 2 days",
    "delivery": "N/A",
    "shipping": "N/A"
  },
  {
    "ioId": "21WWCVQQ7A0P",
    "linkIdentifier": "47375889",
    "text": "Stacy's Pita Chips Baked Multigrain Snack Chips, 7.33 oz Bag",
    "href": "/ip/Stacy-s-Pita-Chips-Baked-Multigrain-Snack-Chips-7-33-oz-Bag/47375889?classType=REGULAR",
    "currentPrice": "N/A",
    "pricePerOz": "N/A",
    "pickup": "Free shipping, arrives in 3+ days",
    "delivery": "N/A",
    "shipping": "N/A"
  },
  {
    "ioId": "0WSGZDKD73ER",
    "linkIdentifier": "3118691862",
    "text": "Lance Sandwich Crackers, Made with Whole Grain Crackers, Peanut Butter, 10 Individual Packs",
    "href": "/ip/Lance-Sandwich-Crackers-Made-with-Whole-Grain-Crackers-Peanut-Butter-10-Individual-Packs/3118691862?classType=REGULAR",
    "currentPrice": "current price $5.86",
    "pricePerOz": "38.8 ¢/oz",
    "pickup": "Free shipping, arrives in 3+ days",
    "delivery": "N/A",
    "shipping": "N/A"
  },
  {
    "ioId": "47PWU9KRW544",
    "linkIdentifier": "2242366408",
    "text": "Lance Sandwich Crackers, Toasty Cheddar, 10 Individually Wrapped Packs, 6 Sandwiches Each",
    "href": "/ip/Lance-Sandwich-Crackers-Toasty-Cheddar-10-Individually-Wrapped-Packs-6-Sandwiches-Each/2242366408?classType=VARIANT",
    "currentPrice": "current price $6.45",
    "pricePerOz": "51.6 ¢/oz",
    "pickup": "Free shipping, arrives in 3+ days",
    "delivery": "N/A",
    "shipping": "N/A"
  },
  {
    "ioId": "6LA9JQ7L30PV",
    "linkIdentifier": "5333374640",
    "text": "Cheez-It Double Cheese Cracker Chips, Thin Crisps, 12 Count",
    "href": "/ip/Cheez-It-Double-Cheese-Cracker-Chips-Thin-Crisps-12-Count/5333374640?classType=VARIANT",
    "currentPrice": "current price $6.48",
    "pricePerOz": "72.0 ¢/oz",
    "pickup": "Pickup today",
    "delivery": "Delivery today",
    "shipping": "Shipping, arrives tomorrow"
  },
  {
    "ioId": "6ISRJNHRXBAN",
    "linkIdentifier": "237871008",
    "text": "Manischewitz Passover Matzo 1 Pound 1 Box",
    "href": "/ip/Manischewitz-Passover-Matzo-1-Pound-1-Box/237871008?classType=VARIANT",
    "currentPrice": "current price $7.88",
    "pricePerOz": "N/A",
    "pickup": "Shipping, arrives in 2 days",
    "delivery": "N/A",
    "shipping": "N/A"
  },
  {
    "ioId": "22H8L3U6IRAM",
    "linkIdentifier": "420414795",
    "text": "Goldfish Crackers, Frank's RedHot Snack Crackers, 6.6 oz Bag",
    "href": "/ip/Goldfish-Crackers-Frank-s-RedHot-Snack-Crackers-6-6-oz-Bag/420414795?classType=REGULAR",
    "currentPrice": "current price $2.77",
    "pricePerOz": "42.0 ¢/oz",
    "pickup": "Pickup today",
    "delivery": "Delivery today",
    "shipping": "N/A"
  },
  {
    "ioId": "10C85YUAMIO5",
    "linkIdentifier": "522856214",
    "text": "Manischewitz Gluten Free Matzo Meal, 15 Ounce",
    "href": "/ip/Manischewitz-Gluten-Free-Matzo-Meal-15-Ounce/522856214?classType=REGULAR",
    "currentPrice": "current price $9.81",
    "pricePerOz": "N/A",
    "pickup": "Shipping, arrives in 2 days",
    "delivery": "N/A",
    "shipping": "N/A"
  },
  {
    "ioId": "283R66TWBVEI",
    "linkIdentifier": "14013163026",
    "text": "RITZ Fudge Covered Holiday Crackers, Limited Edition, (1PACK)",
    "href": "/ip/RITZ-Fudge-Covered-Holiday-Crackers-Limited-Edition-1PACK/14013163026?classType=REGULAR",
    "currentPrice": "current price $10.15",
    "pricePerOz": "+$4.99 shipping",
    "pickup": "Shipping, arrives in 3+ days",
    "delivery": "N/A",
    "shipping": "N/A"
  },
  {
    "ioId": "6OV47V09A3K0",
    "linkIdentifier": "2807924554",
    "text": "Stacy's Parmesan Garlic Herb, 16 oz",
    "href": "/ip/Stacy-s-Pita-Chips-Parmesan-Garlic-Herb-16-oz-Bag/2807924554?classType=REGULAR",
    "currentPrice": "current price $11.69",
    "pricePerOz": "73.1 ¢/oz",
    "pickup": "Shipping, arrives tomorrow",
    "delivery": "N/A",
    "shipping": "N/A"
  },
  {
    "ioId": "3GEX68IKYZDM",
    "linkIdentifier": "398426207",
    "text": "Goldfish Cheddar Crackers, Snack Pack, 1 oz, 30 CT Multi-Pack Box",
    "href": "/ip/Goldfish-Cheddar-Crackers-Snack-Pack-1-oz-30-CT-Multi-Pack-Box/398426207?classType=REGULAR",
    "currentPrice": "current price Now $12.86",
    "pricePerOz": "$27.92",
    "pickup": "Shipping, arrives tomorrow",
    "delivery": "N/A",
    "shipping": "N/A"
  },
  {
    "ioId": "1EFSPBCIHNQ9",
    "linkIdentifier": "5017779744",
    "text": "Yehuda Unsalted Matzo ( 3 Pack) Crisp & Delicious, Kosher for Passover",
    "href": "/ip/Yehuda-Unsalted-Matzo-3-Pack-Crisp-Delicious-Kosher-for-Passover/5017779744?classType=REGULAR",
    "currentPrice": "current price $12.99",
    "pricePerOz": "N/A",
    "pickup": "Shipping, arrives in 2 days",
    "delivery": "N/A",
    "shipping": "N/A"
  },
  {
    "ioId": "50ZG8D27WUC6",
    "linkIdentifier": "16940091",
    "text": "Goldfish Flavor Blasted Xtra Cheddar Cheese Crackers, Baked Snack Crackers, 30 oz Carton",
    "href": "/ip/Goldfish-Flavor-Blasted-Xtra-Cheddar-Baked-Snack-Crackers-30-oz/16940091?classType=REGULAR&athbdg=L1600",
    "currentPrice": "current price $12.98",
    "pricePerOz": "43.3 ¢/oz",
    "pickup": "Free shipping, arrives in 3+ days",
    "delivery": "N/A",
    "shipping": "N/A"
  },
  {
    "ioId": "1K83G4N9GAM8",
    "linkIdentifier": "16940090",
    "text": "Goldfish Colors Cheddar Cheese Crackers, Baked Snack Crackers, 30 oz Carton",
    "href": "/ip/Goldfish-Colors-Cheddar-Baked-Snack-Crackers-30-oz/16940090?classType=REGULAR",
    "currentPrice": "current price $13.02",
    "pricePerOz": "43.4 ¢/oz",
    "pickup": "Free shipping, arrives in 3+ days",
    "delivery": "N/A",
    "shipping": "N/A"
  },
  {
    "ioId": "7DFBY1UGLD43",
    "linkIdentifier": "481264719",
    "text": "Goldfish Crackers Say Cheeeese Variety Pack with Cheddar, Pizza and Parmesan, Snack Packs, 20 Ct",
    "href": "/ip/Goldfish-Crackers-Say-Cheeeese-Variety-Pack-with-Cheddar-Pizza-and-Parmesan-Snack-Packs-20-Ct/481264719?classType=REGULAR",
    "currentPrice": "current price $13.11",
    "pricePerOz": "69.7 ¢/oz",
    "pickup": "Free shipping, arrives in 3+ days",
    "delivery": "N/A",
    "shipping": "N/A"
  },
  {
    "ioId": "6A61C7DK9MAX",
    "linkIdentifier": "960363184",
    "text": "Brittle-Brittle Peanut Brittle (38 Ounce)",
    "href": "/ip/Brittle-Brittle-Peanut-Brittle-38-Ounce/960363184?classType=REGULAR",
    "currentPrice": "current price Now $14.14",
    "pricePerOz": "$25.67",
    "pickup": "Free shipping, arrives in 3+ days",
    "delivery": "N/A",
    "shipping": "N/A"
  },
  {
    "ioId": "289LPSZNC60M",
    "linkIdentifier": "7209664292",
    "text": "RITZ Peanut Butter Sandwich Crackers and Cheese Sandwich Crackers Variety Pack, 20 Snack Packs",
    "href": "/ip/27-3Z-RITZ-CRKR-SDWCH-20CT-VAR-6/7209664292?classType=REGULAR",
    "currentPrice": "N/A",
    "pricePerOz": "N/A",
    "pickup": "Free shipping, arrives in 3+ days",
    "delivery": "N/A",
    "shipping": "N/A"
  },
  {
    "ioId": "1VUMLHOSH0LX",
    "linkIdentifier": "10321800",
    "text": "Lance Sandwich Crackers, Captain's Wafers Peanut Butter and Honey, 8 Packs, 6 Sandwiches Each",
    "href": "/ip/Captain-s-Wafers-Peanut-Butter-And-Honey-Crackers-8ct/10321800?classType=REGULAR",
    "currentPrice": "current price $8.97",
    "pricePerOz": "81.5 ¢/oz",
    "pickup": "Free shipping, arrives in 3+ days",
    "delivery": "N/A",
    "shipping": "N/A"
  },
  {
    "ioId": "60H00584MOSJ",
    "linkIdentifier": "105873630",
    "text": "Goldfish Holiday Cheddar Crackers, 2 oz Carton",
    "href": "/ip/Pepperidge-Farm-Crackers-Cheddar/105873630?classType=VARIANT",
    "currentPrice": "current price $6.58",
    "pricePerOz": "$3.29/oz",
    "pickup": "Free shipping, arrives in 3+ days",
    "delivery": "N/A",
    "shipping": "N/A"
  },
  {
    "ioId": "6X26TSWDR4OL",
    "linkIdentifier": "51316694",
    "text": "Town House Original Oven Baked Crackers, Lunch Snacks, 20.7 oz",
    "href": "/ip/Town-House-Original-Oven-Baked-Crackers-Lunch-Snacks-20-7-oz/51316694?classType=REGULAR",
    "currentPrice": "N/A",
    "pricePerOz": "N/A",
    "pickup": "Free shipping, arrives in 3+ days",
    "delivery": "N/A",
    "shipping": "N/A"
  },
  {
    "ioId": "10PL1OZJXF55",
    "linkIdentifier": "14172024",
    "text": "Yehuda Matzo Thins Unsalted, 10.5 Oz",
    "href": "/ip/Unsalted-Thins-Matzos/14172024?classType=VARIANT",
    "currentPrice": "current price Now $10.00",
    "pricePerOz": "$45.06",
    "pickup": "Shipping, arrives in 2 days",
    "delivery": "N/A",
    "shipping": "N/A"
  },
  {
    "ioId": "5CLXZMXKOAXD",
    "linkIdentifier": "11989587",
    "text": "Lance Sandwich Crackers, Captain's Wafer Grilled Cheese, 8 Individual Packs, 6 Sandwiches Each",
    "href": "/ip/Captain-s-Wafers-Grilled-Cheese-Crackers-11-oz/11989587?classType=REGULAR",
    "currentPrice": "current price $9.94",
    "pricePerOz": "90.4 ¢/oz",
    "pickup": "Free shipping, arrives in 3+ days",
    "delivery": "N/A",
    "shipping": "N/A"
  },
  {
    "ioId": "5OSP3DP0RVD4",
    "linkIdentifier": "2932812190",
    "text": "Lance Sandwich Crackers, Captain's Wafer Grilled Cheese, 10 Individual Packs, 6 Sandwiches Each",
    "href": "/ip/Lance-Sandwich-Crackers-Captain-s-Wafer-Grilled-Cheese-10-Individual-Packs-6-Sandwiches-Each/2932812190?classType=REGULAR",
    "currentPrice": "current price $4.32",
    "pricePerOz": "31.5 ¢/oz",
    "pickup": "N/A",
    "delivery": "N/A",
    "shipping": "N/A"
  },
  {
    "ioId": "3JT276S71ZAG",
    "linkIdentifier": "199006012",
    "text": "Firehook Bakery Firehook Crackers, 5.5 oz",
    "href": "/ip/Firehook-Bakery-Firehook-Crackers-5-5-oz/199006012?classType=REGULAR",
    "currentPrice": "current price $9.00",
    "pricePerOz": "$11.99",
    "pickup": "N/A",
    "delivery": "N/A",
    "shipping": "N/A"
  },
  {
    "ioId": "4GHUNV9FCGGP",
    "linkIdentifier": "8654470753",
    "text": "Ritz Fresh Stacks Original Crackers Family Size - 17.8 oz",
    "href": "/ip/Ritz-Fresh-Stacks-Original-Crackers-Family-Size-17-8-oz/8654470753?classType=REGULAR",
    "currentPrice": "current price Now $5.46",
    "pricePerOz": "$7.66",
    "pickup": "Shipping, arrives in 3+ days",
    "delivery": "N/A",
    "shipping": "N/A"
  },
  {
    "ioId": "3OSHEPNHZXG4",
    "linkIdentifier": "165100687",
    "text": "Goldfish Dynamic Duo Colors Crackers, Cheddar & Flavor Blasted Xtra Cheddar Snack Pack, 0.9 oz, 20-CT Variety Pack Box",
    "href": "/ip/Pepperidge-Farm-Goldfish-Baked-Snack-Crackers-Variety-Pack-20-ct/165100687?classType=REGULAR",
    "currentPrice": "current price $14.20",
    "pricePerOz": "78.9 ¢/oz",
    "pickup": "Free shipping, arrives in 3+ days",
    "delivery": "N/A",
    "shipping": "N/A"
  },
  {
    "ioId": "3745SWFO46L0",
    "linkIdentifier": "187848854",
    "text": "Lance Sandwich Crackers Variety Pack, 36 Ct",
    "href": "/ip/Lance-Sandwich-Crackers-Variety-Pack-36-Ct/187848854?classType=REGULAR",
    "currentPrice": "current price $14.85",
    "pricePerOz": "27.7 ¢/oz",
    "pickup": "Free shipping, arrives in 3+ days",
    "delivery": "N/A",
    "shipping": "N/A"
  },
  {
    "ioId": "76RPX73HOIA8",
    "linkIdentifier": "303341725",
    "text": "Manischewitz Kosher For Passover Matzo 3 LBS 3 Boxes",
    "href": "/ip/Manischewitz-Kosher-For-Passover-Matzo-3-LBS-3-Boxes/303341725?classType=REGULAR",
    "currentPrice": "current price $14.99",
    "pricePerOz": "N/A",
    "pickup": "Shipping, arrives in 2 days",
    "delivery": "N/A",
    "shipping": "N/A"
  },
  {
    "ioId": "3SEVP2VCAJRU",
    "linkIdentifier": "5127306487",
    "text": "Manischewitz Everything Matzo 10 oz (3 Pack) | Thin & Crispy | Simple & Delicious Ingredients",
    "href": "/ip/Manischewitz-Everything-Matzo-10-oz-3-Pack-Thin-Crispy-Simple-Delicious-Ingredients/5127306487?classType=REGULAR",
    "currentPrice": "current price $14.99",
    "pricePerOz": "N/A",
    "pickup": "Shipping, arrives in 2 days",
    "delivery": "N/A",
    "shipping": "N/A"
  },
  {
    "ioId": "5LB7ZSYRKWV8",
    "linkIdentifier": "503660036",
    "text": "Lance Sandwich Crackers, Variety Pack, 4 Flavors, 40 Individually Wrapped Packs, 6 Sandwiches Each",
    "href": "/ip/Lance-Sandwich-Cracker-Variety-Pack-40-Ct/503660036?classType=REGULAR",
    "currentPrice": "current price Now $19.35",
    "pricePerOz": "$29.98",
    "pickup": "Free shipping, arrives in 3+ days",
    "delivery": "N/A",
    "shipping": "N/A"
  },
  {
    "ioId": "39N5MD9RMF5L",
    "linkIdentifier": "50703892",
    "text": "Manischewitz Passover Matzo, 1 Pound (Pack of 5)",
    "href": "/ip/Manischewitz-Passover-Matzo-5-lbs-5-Boxes/50703892?classType=VARIANT",
    "currentPrice": "current price $22.99",
    "pricePerOz": "28.5 ¢/oz",
    "pickup": "Shipping, arrives in 2 days",
    "delivery": "N/A",
    "shipping": "N/A"
  },
  {
    "ioId": "6OVGAQ9RN5J9",
    "linkIdentifier": "592153509",
    "text": "coming soon",
    "href": "/ip/Stauffers-Animal-Crackers-Original-5-Pound/592153509?classType=REGULAR",
    "currentPrice": "current price $22.90",
    "pricePerOz": "N/A",
    "pickup": "Free shipping, arrives in 3+ days",
    "delivery": "N/A",
    "shipping": "N/A"
  },
  {
    "ioId": "4X3EQUQ8DFJD",
    "linkIdentifier": "5016180413",
    "text": "Yehuda Freshly Baked Passover Matzo, 1 LB (5 Pack) | Bonus 1 Resealable Stay Fresh Pouch | Super Crisp & Delicious!",
    "href": "/ip/Yehuda-Freshly-Baked-Passover-Matzo-1-LB-5-Pack-Bonus-1-Resealable-Stay-Fresh-Pouch-Super-Crisp-Delicious/5016180413?classType=REGULAR",
    "currentPrice": "current price $24.99",
    "pricePerOz": "N/A",
    "pickup": "Shipping, arrives tomorrow",
    "delivery": "N/A",
    "shipping": "N/A"
  },
  {
    "ioId": "2GJMXAHYE5EP",
    "linkIdentifier": "3512537911",
    "text": "Drizzilicious Mini Rice Cake Bites Variety Pack (32 Count)",
    "href": "/ip/Drizzilicious-Mini-Rice-Cake-Bites-Variety-Pack-32-Count/3512537911?classType=REGULAR",
    "currentPrice": "current price Now $25.69",
    "pricePerOz": "$29.00",
    "pickup": "Free shipping, arrives in 3+ days",
    "delivery": "N/A",
    "shipping": "N/A"
  },
  {
    "ioId": "6SP3Y8P41LB6",
    "linkIdentifier": "9515014868",
    "text": "(Pack of 8), Firehook Organic Baked Crackers Everything , 5.5 oz",
    "href": "/ip/Pack-of-8-Firehook-Organic-Baked-Crackers-Everything-5-5-oz/9515014868?classType=REGULAR",
    "currentPrice": "current price $36.62",
    "pricePerOz": "+$13.86 shipping",
    "pickup": "Shipping, arrives in 3+ days",
    "delivery": "N/A",
    "shipping": "N/A"
  },
  {
    "ioId": "3D1OGCUK4MQR",
    "linkIdentifier": "1925679667",
    "text": "FIREHOOK, CRACKER SSALT SNACK BOX, 5.5 OZ, (Pack of 8) Pack Of 8",
    "href": "/ip/FIREHOOK-CRACKER-SSALT-SNACK-BOX-5-5-OZ-Pack-of-8-Pack-Of-8/1925679667?classType=REGULAR",
    "currentPrice": "current price $36.62",
    "pricePerOz": "+$13.86 shipping",
    "pickup": "Shipping, arrives in 3+ days",
    "delivery": "N/A",
    "shipping": "N/A"
  },
  {
    "ioId": "4L71HBS4HUVA",
    "linkIdentifier": "43924518",
    "text": "Town House Original Oven Baked Crackers, Party Snacks, 12 Count",
    "href": "/ip/Town-House-Original-Oven-Baked-Crackers-Party-Snacks-13-8-oz-12-Count/43924518?classType=REGULAR",
    "currentPrice": "current price $52.71",
    "pricePerOz": "$5.09/lb",
    "pickup": "Shipping, arrives in 3+ days",
    "delivery": "N/A",
    "shipping": "N/A"
  },
  {
    "ioId": "1YSVUJ1M5RN7",
    "linkIdentifier": "253680066",
    "text": "Goldfish Cheddar Cheese Crackers, Baked Snack Crackers, 1 oz on-The-Go Snack Packs, 20 Count Box",
    "href": "/ip/Pepperidge-Farm-20oz-Gf-Ched-20ct-Mp/253680066?classType=REGULAR&athbdg=L1600",
    "currentPrice": "current price $10.26",
    "pricePerOz": "51.3 ¢/oz",
    "pickup": "Pickup today",
    "delivery": "Delivery today",
    "shipping": "N/A"
  },
  {
    "ioId": "2ZUR3U3B6NQU",
    "linkIdentifier": "5469239106",
    "text": "Breton Crackers, Cabaret Crisp and Buttery, Pack of 3",
    "href": "/ip/Breton-Crackers-Cabaret-Crisp-and-Buttery-Pack-of-3/5469239106?classType=REGULAR",
    "currentPrice": "current price $18.99",
    "pricePerOz": "N/A",
    "pickup": "Free shipping, arrives in 3+ days",
    "delivery": "N/A",
    "shipping": "N/A"
  },
  {
    "ioId": "45JQCIJ3A1Q1",
    "linkIdentifier": "22027151",
    "text": "Asturi Bruschettini Classico Virgin Olive Oil Bruschetta Toasts, 4.23 oz",
    "href": "/ip/Asturi-Bruschettini-Classico-Virgin-Olive-Oil-Bruschetta-Toasts-4-23-oz/22027151?classType=REGULAR",
    "currentPrice": "N/A",
    "pricePerOz": "N/A",
    "pickup": "Free shipping, arrives in 3+ days",
    "delivery": "N/A",
    "shipping": "N/A"
  },
  {
    "ioId": "6BWE2Q85G9IB",
    "linkIdentifier": "10292704",
    "text": "Nabisco Grahams Original Graham Crackers, 14.4 oz",
    "href": "/ip/Nabisco-Grahams-Original-Graham-Crackers-14-4-oz/10292704?classType=VARIANT",
    "currentPrice": "current price $4.68",
    "pricePerOz": "32.5 ¢/oz",
    "pickup": "Pickup today",
    "delivery": "Delivery today",
    "shipping": "Shipping, arrives tomorrow"
  },
  {
    "ioId": "4R5DTBRGR1K1",
    "linkIdentifier": "5232155074",
    "text": "6x Packs Kellogg's Keebler Variety Sandwich Crackers 1.8oz Mix & Match Flavors!",
    "href": "/ip/6x-Packs-Kellogg-s-Keebler-Variety-Sandwich-Crackers-1-8oz-Mix-Match-Flavors/5232155074?classType=REGULAR",
    "currentPrice": "N/A",
    "pricePerOz": "N/A",
    "pickup": "Free shipping, arrives in 3+ days",
    "delivery": "N/A",
    "shipping": "N/A"
  },
  {
    "ioId": "3A7KQ0Y9HYMG",
    "linkIdentifier": "427458036",
    "text": "Toko Japanese Rice Crackers Mix Friendly Pack 8 Oz (227 Gram)",
    "href": "/ip/Toko-Japanese-Rice-Crackers-Mix-Friendly-Pack-8-Oz-227-Gram/427458036?classType=VARIANT",
    "currentPrice": "current price $10.99",
    "pricePerOz": "N/A",
    "pickup": "Shipping, arrives in 2 days",
    "delivery": "N/A",
    "shipping": "N/A"
  },
  {
    "ioId": "5L4MCDSCPEF4",
    "linkIdentifier": "2612810695",
    "text": "NY SPICE SHOP Chili Bits Rice Crackers - 1 Pound - Rice Snacks - Rice Sack - Oriental Snack Mix Nuts",
    "href": "/ip/NY-SPICE-SHOP-Chili-Bits-Rice-Crackers-1-Pound-Rice-Snacks-Rice-Sack-Oriental-Snack-Mix-Nuts/2612810695?classType=VARIANT",
    "currentPrice": "current price $10.99",
    "pricePerOz": "+$8.50 shipping",
    "pickup": "Shipping, arrives in 3+ days",
    "delivery": "N/A",
    "shipping": "N/A"
  },
  {
    "ioId": "6HPTFL52RH9F",
    "linkIdentifier": "739063241",
    "text": "Goldfish Disney Mickey Mouse Cheddar Crackers, Snack Crackers, 6.6 oz Bag",
    "href": "/ip/Goldfish-Disney-Mickey-Mouse-Cheddar-Crackers-Snack-Crackers-6-6-oz-Bag/739063241?classType=REGULAR",
    "currentPrice": "current price $2.77",
    "pricePerOz": "42.0 ¢/oz",
    "pickup": "Pickup today",
    "delivery": "Delivery today",
    "shipping": "N/A"
  },
  {
    "ioId": "1QGG61HRP5A0",
    "linkIdentifier": "962741837",
    "text": "Kellogg's Club Crackers Snack Stacks (2.08 oz., 24 pk.)",
    "href": "/ip/Kellogg-s-Club-Crackers-Snack-Stacks-2-08-oz-24-pk/962741837?classType=REGULAR",
    "currentPrice": "current price $24.99",
    "pricePerOz": "N/A",
    "pickup": "Free shipping, arrives in 3+ days",
    "delivery": "N/A",
    "shipping": "N/A"
  },
  {
    "ioId": "4VRXYZUK8O44",
    "linkIdentifier": "42124219",
    "text": "Cheez-It Grooves Bold Cheddar Cheese Crackers, Crunchy Snack Crackers, 9 oz",
    "href": "/ip/Cheez-It-Grooves-Original-Cheddar-Crispy-Cracker-Chips-9-oz/42124219?classType=VARIANT&athbdg=L1300",
    "currentPrice": "current price Now $3.38",
    "pricePerOz": "$4.59",
    "pickup": "Shipping, arrives tomorrow",
    "delivery": "N/A",
    "shipping": "N/A"
  },
  {
    "ioId": "55LXHU71M6LJ",
    "linkIdentifier": "23816541",
    "text": "La Panzanella, Croccantini, Mini, Garlic 6 oz",
    "href": "/ip/Croccantini-Mini-Garlic-6-oz/23816541?classType=REGULAR",
    "currentPrice": "current price $5.74",
    "pricePerOz": "95.7 ¢/oz",
    "pickup": "Shipping, arrives in 3+ days",
    "delivery": "N/A",
    "shipping": "N/A"
  },
  {
    "ioId": "60PQBZMCAPWJ",
    "linkIdentifier": "10292721",
    "text": "Barnum's Animal Crackers, Snak-Saks, 8 oz",
    "href": "/ip/Nabisco-Barnum-s-Animals-Crackers-Snak-Saks-8-oz/10292721?classType=VARIANT",
    "currentPrice": "current price $3.00",
    "pricePerOz": "37.5 ¢/oz",
    "pickup": "Pickup today",
    "delivery": "Delivery today",
    "shipping": "N/A"
  },
  {
    "ioId": "1TZW4SNSGKPB",
    "linkIdentifier": "543619060",
    "text": "Valley Lahvosh Hearts Crackers 4.5 oz | 8 Pack",
    "href": "/ip/Valley-Lahvosh-Hearts-Crackers-4-5-oz-8-Pack/543619060?classType=REGULAR",
    "currentPrice": "current price $36.07",
    "pricePerOz": "N/A",
    "pickup": "Free shipping, arrives in 3+ days",
    "delivery": "N/A",
    "shipping": "N/A"
  },
  {
    "ioId": "3L8A0OFFV9QA",
    "linkIdentifier": "855172745",
    "text": "Good Thins Jalapeo & Lime Corn & Rice Snacks Gluten Free Crackers, 3.5 oz",
    "href": "/ip/Good-Thins-Jalape-o-Lime-Corn-Rice-Snacks-Gluten-Free-Crackers-3-5-oz/855172745?classType=VARIANT",
    "currentPrice": "current price Now $2.00",
    "pricePerOz": "$9.99",
    "pickup": "Shipping, arrives in 3+ days",
    "delivery": "N/A",
    "shipping": "N/A"
  },
  {
    "ioId": "4YLTNO0YQ8EB",
    "linkIdentifier": "43430251",
    "text": "Stauffer's Animal Crackers Chocolate, 14.5oz Shelf-Stable Bag",
    "href": "/ip/Stauffer-s-Animal-Crackers-Chocolate-14-5oz-Shelf-Stable-Bag/43430251?classType=REGULAR",
    "currentPrice": "current price Now $7.49",
    "pricePerOz": "$8.99",
    "pickup": "Free shipping, arrives in 3+ days",
    "delivery": "N/A",
    "shipping": "N/A"
  },
  {
    "ioId": "3SYJZL3R5X9Y",
    "linkIdentifier": "11126866603",
    "text": "(Pack of 8), Firehook Organic Garlic & Thyme Crackers, 5.5 oz",
    "href": "/ip/Pack-of-8-Firehook-Organic-Garlic-Thyme-Crackers-5-5-oz/11126866603?classType=REGULAR",
    "currentPrice": "current price $35.65",
    "pricePerOz": "+$13.86 shipping",
    "pickup": "Shipping, arrives in 3+ days",
    "delivery": "N/A",
    "shipping": "N/A"
  },
  {
    "ioId": "4AMDM2CNAZTX",
    "linkIdentifier": "11046878",
    "text": "Old London Melba Roasted Garlic Snacks, 5.25 oz",
    "href": "/ip/Old-London-Melba-Roasted-Garlic-Snacks-5-25-oz/11046878?classType=REGULAR",
    "currentPrice": "current price $6.00",
    "pricePerOz": "$1.14/oz",
    "pickup": "Shipping, arrives in 3+ days",
    "delivery": "N/A",
    "shipping": "N/A"
  },
  {
    "ioId": "3JW38DXD5WAX",
    "linkIdentifier": "3084329832",
    "text": "Lance Sandwich Crackers, Malt with Peanut Butter, 10 Individually Wrapped Packs, 6 Sandwiches Each",
    "href": "/ip/Lance-Sandwich-Crackers-Malt-with-Peanut-Butter-10-Individually-Wrapped-Packs-6-Sandwiches-Each/3084329832?classType=REGULAR",
    "currentPrice": "current price $6.38",
    "pricePerOz": "49.8 ¢/oz",
    "pickup": "Free shipping, arrives in 3+ days",
    "delivery": "N/A",
    "shipping": "N/A"
  },
  {
    "ioId": "671ARORE91HL",
    "linkIdentifier": "15553917",
    "text": "Goldfish Grahams S'mores Crackers, Snack Crackers, 6.6 oz Bag",
    "href": "/ip/Goldfish-Grahams-S-mores-Crackers-Snack-Crackers-6-6-oz-Bag/15553917?classType=REGULAR",
    "currentPrice": "current price $11.00",
    "pricePerOz": "$1.67/oz",
    "pickup": "Shipping, arrives in 2 days",
    "delivery": "N/A",
    "shipping": "N/A"
  },
  {
    "ioId": "3BCEWOQJEWES",
    "linkIdentifier": "374564680",
    "text": "Quest Gluten-Free, Protein Cookies, Peanut Butter Chocolate Chip, 4 Count",
    "href": "/ip/Quest-Protein-Cookies-High-Protein-Peanut-Butter-Chocolate-Chip-4-Ct/374564680?classType=VARIANT",
    "currentPrice": "current price $28.99",
    "pricePerOz": "$3.54/oz",
    "pickup": "Free shipping, arrives in 3+ days",
    "delivery": "N/A",
    "shipping": "N/A"
  },
  {
    "ioId": "0W5NN4OL6NOS",
    "linkIdentifier": "17203442",
    "text": "Chex Mix Muddy Buddies Peanut Butter & Chocolate Snack Mix, 10.5 oz Bag",
    "href": "/ip/Chex-Mix-Muddy-Buddies-Peanut-Butter-Chocolate-Snack-Mix-10-5-oz-Bag/17203442?classType=VARIANT",
    "currentPrice": "current price $10.49",
    "pricePerOz": "99.9 ¢/oz",
    "pickup": "Free shipping, arrives in 3+ days",
    "delivery": "N/A",
    "shipping": "N/A"
  },
  {
    "ioId": "3P28N8EX8MSN",
    "linkIdentifier": "54276111",
    "text": "Lance Sandwich Crackers, Captain's Wafers, Variety Pack, 8 Individual Packs, 6 Sandwiches Each",
    "href": "/ip/LANCE-SWC-CAPT-W/54276111?classType=REGULAR",
    "currentPrice": "current price $7.98",
    "pricePerOz": "72.5 ¢/oz",
    "pickup": "Free shipping, arrives in 3+ days",
    "delivery": "N/A",
    "shipping": "N/A"
  },
  {
    "ioId": "4EWVL7OMOH6D",
    "linkIdentifier": "11205664386",
    "text": "Ritz Crackers Fresh Stacks Original 11.8 oz",
    "href": "/ip/Ritz-Crackers-Fresh-Stacks-Original-11-8-oz/11205664386?classType=REGULAR",
    "currentPrice": "current price $9.70",
    "pricePerOz": "+$5.99 shipping",
    "pickup": "Shipping, arrives in 3+ days",
    "delivery": "N/A",
    "shipping": "N/A"
  },
  {
    "ioId": "5YRWB8AY2JNT",
    "linkIdentifier": "417831434",
    "text": "ParmCrisps Everything Real Cheese Oven-Baked Parm Crisp Snack, 1.75 oz.",
    "href": "/ip/ParmCrisps-Gluten-Free-Everything-Oven-Baked-Parm-Crisp-Cheese-Crackers-1-75-oz/417831434?classType=REGULAR",
    "currentPrice": "N/A",
    "pricePerOz": "N/A",
    "pickup": "Free shipping, arrives in 3+ days",
    "delivery": "N/A",
    "shipping": "N/A"
  },
  {
    "ioId": "6KHAL16BEHL1",
    "linkIdentifier": "7676168001",
    "text": "Annie,S Organic Friends Bunny Graham Snacks, Chocolate Chip, Chocolate & Honey, 12 Packets",
    "href": "/ip/Annie-S-Organic-Friends-Bunny-Graham-Snacks-Chocolate-Chip-Chocolate-Honey-12-Packets/7676168001?classType=undefined",
    "currentPrice": "N/A",
    "pricePerOz": "N/A",
    "pickup": "N/A",
    "delivery": "N/A",
    "shipping": "N/A"
  },
  {
    "ioId": "0ZYNV0ESNH8I",
    "linkIdentifier": "314637921",
    "text": "Great Value Entertainment Cracker Selection, 13.1 Oz.",
    "href": "/ip/Great-Value-Entertainment-Cracker-Selection-13-1-oz/314637921?classType=REGULAR",
    "currentPrice": "current price $4.48",
    "pricePerOz": "34.2 ¢/oz",
    "pickup": "N/A",
    "delivery": "N/A",
    "shipping": "N/A"
  },
  {
    "ioId": "5PHT22E9K0N5",
    "linkIdentifier": "5427535282",
    "text": "Combos Pepperoni Pizza Cracker Baked Snacks 1.0 ea",
    "href": "/ip/Combos-Pepperoni-Pizza-Cracker-Baked-Snacks-1-0-ea/5427535282?classType=undefined",
    "currentPrice": "N/A",
    "pricePerOz": "N/A",
    "pickup": "N/A",
    "delivery": "N/A",
    "shipping": "N/A"
  },
  {
    "ioId": "23KOVWLY2GXE",
    "linkIdentifier": "136620697",
    "text": "Cheez-It Snap'd Cheddar Sour Cream and Onion Cheese Cracker Chips, Thin Crisps, 7.5 oz",
    "href": "/ip/Cheez-It-Snap-d-Cheddar-Sour-Cream-and-Onion-Cheese-Cracker-Chips-Thin-Crisps-7-5-oz/136620697?classType=REGULAR",
    "currentPrice": "current price $3.78",
    "pricePerOz": "50.4 ¢/oz",
    "pickup": "Pickup today",
    "delivery": "Delivery today",
    "shipping": "N/A"
  },
  {
    "ioId": "1LET5H5U8NN4",
    "linkIdentifier": "1260869698",
    "text": "4 Pack | M.M Animal Crackers Peanut-Free (5 lbs.)",
    "href": "/ip/4-Pack-M-M-Animal-Crackers-Peanut-Free-5-lbs/1260869698?classType=REGULAR",
    "currentPrice": "current price $71.75",
    "pricePerOz": "N/A",
    "pickup": "Free shipping, arrives in 3+ days",
    "delivery": "N/A",
    "shipping": "N/A"
  },
  {
    "ioId": "2CEVNUV1HN1S",
    "linkIdentifier": "10818467",
    "text": "Kellogg's Graham Cracker Original Crumbs, Dessert Ingredients, 13.5 oz",
    "href": "/ip/Kellogg-s-Graham-Cracker-Original-Crumbs-Dessert-Ingredients-13-5-oz/10818467?classType=VARIANT&athbdg=L1600",
    "currentPrice": "current price $5.22",
    "pricePerOz": "38.7 ¢/oz",
    "pickup": "Shipping, arrives in 3+ days",
    "delivery": "N/A",
    "shipping": "N/A"
  },
  {
    "ioId": "2EID9DQ3MG56",
    "linkIdentifier": "316389394",
    "text": "Animal Crackers, Organic 4 Pound",
    "href": "/ip/Animal-Crackers-Organic-4-Pound/316389394?classType=REGULAR",
    "currentPrice": "current price $22.99",
    "pricePerOz": "N/A",
    "pickup": "Shipping, arrives tomorrow",
    "delivery": "N/A",
    "shipping": "N/A"
  },
  {
    "ioId": "2A26Z7HH1IQO",
    "linkIdentifier": "35176553",
    "text": "RITZ Fresh Stacks Whole Wheat Crackers, 11.6 oz (8 Stacks)",
    "href": "/ip/RITZ-Fresh-Stacks-Whole-Wheat-Crackers-11-6-oz-8-Stacks/35176553?classType=VARIANT&athbdg=L1300",
    "currentPrice": "current price Now $3.46",
    "pricePerOz": "$3.88",
    "pickup": "Pickup today",
    "delivery": "Delivery today",
    "shipping": "N/A"
  },
  {
    "ioId": "45BVDCZT63MP",
    "linkIdentifier": "5024657389",
    "text": "Cheez-It Snap'd Sharp White Cheddar Cheese Cracker Chips, Thin Crisps, 7.5 oz",
    "href": "/ip/Cheez-It-Snap-d-Sharp-White-Cheddar-Cheese-Cracker-Chips-Thin-Crisps-7-5-oz/5024657389?classType=VARIANT",
    "currentPrice": "current price $3.78",
    "pricePerOz": "50.4 ¢/oz",
    "pickup": "Pickup today",
    "delivery": "Delivery today",
    "shipping": "N/A"
  },
  {
    "ioId": "31WU5B4XSEQA",
    "linkIdentifier": "212408695",
    "text": "Nabisco Good Thins the Rice One Simply Salt",
    "href": "/ip/Nabisco-Good-Thins-the-Rice-One-Simply-Salt/212408695?classType=REGULAR",
    "currentPrice": "current price $85.40",
    "pricePerOz": "N/A",
    "pickup": "Free shipping, arrives in 3+ days",
    "delivery": "N/A",
    "shipping": "N/A"
  },
  {
    "ioId": "24CGGQPT48TB",
    "linkIdentifier": "43469453",
    "text": "La Panzanella Mini Croccantini Crackers, Rosemary, 6 Ounce Packages",
    "href": "/ip/La-Panzanella-Mini-Croccantini-Crackers-Rosemary-6-Ounce-Packages/43469453?classType=REGULAR",
    "currentPrice": "current price $5.74",
    "pricePerOz": "95.7 ¢/oz",
    "pickup": "Shipping, arrives in 3+ days",
    "delivery": "N/A",
    "shipping": "N/A"
  },
  {
    "ioId": "5GEYZF3B73PC",
    "linkIdentifier": "197752836",
    "text": "Simple Mills Crackers, Sun-Dried Tomato & Basil, Almond Flour, 4.25 oz.",
    "href": "/ip/Simple-Mills-Crackers-Sun-Dried-Tomato-Basil-Almond-Flour-4-25-oz/197752836?classType=VARIANT",
    "currentPrice": "N/A",
    "pricePerOz": "N/A",
    "pickup": "Free shipping, arrives in 3+ days",
    "delivery": "N/A",
    "shipping": "N/A"
  },
  {
    "ioId": "4FHGL9ZGE277",
    "linkIdentifier": "556082240",
    "text": "Ryvita Light Rye Crispbread",
    "href": "/ip/Ryvita-Light-Rye-Crispbread/556082240?classType=REGULAR",
    "currentPrice": "current price $16.59",
    "pricePerOz": "N/A",
    "pickup": "Shipping, arrives in 2 days",
    "delivery": "N/A",
    "shipping": "N/A"
  },
  {
    "ioId": "28H24NLQ3OI0",
    "linkIdentifier": "633205228",
    "text": "Cheez-It White Cheddar Baked Snack Crackers, Cheese Crackers, 12 Count",
    "href": "/ip/Cheez-It-White-Cheddar-Baked-Snack-Crackers-Cheese-Crackers-12-Count/633205228?classType=VARIANT",
    "currentPrice": "current price $6.48",
    "pricePerOz": "53.1 ¢/oz",
    "pickup": "Pickup today",
    "delivery": "Delivery today",
    "shipping": "Shipping, arrives tomorrow"
  },
  {
    "ioId": "226WS36YRGO9",
    "linkIdentifier": "5343246147",
    "text": "Yehuda Jerusalem Matzo Farfel, 8oz (1 Pack)",
    "href": "/ip/Yehuda-Jerusalem-Matzo-Farfel-8oz-1-Pack/5343246147?classType=REGULAR",
    "currentPrice": "current price $9.99",
    "pricePerOz": "N/A",
    "pickup": "Free shipping, arrives in 3+ days",
    "delivery": "N/A",
    "shipping": "N/A"
  },
  {
    "ioId": "2CO8TLWUVI3T",
    "linkIdentifier": "911920774",
    "text": "Sigdal Bakeri Gluten Free Oats, Wholegrain Crispbread, 8.29oz (Pack of 2)",
    "href": "/ip/Sigdal-Bakeri-Gluten-Free-Oats-Wholegrain-Crispbread-8-29oz-Pack-of-2/911920774?classType=REGULAR",
    "currentPrice": "current price $25.99",
    "pricePerOz": "N/A",
    "pickup": "Free shipping, arrives in 3+ days",
    "delivery": "N/A",
    "shipping": "N/A"
  },
  {
    "ioId": "119OADD1YYU5",
    "linkIdentifier": "5053952675",
    "text": "Triscuit Thin Crisps Tomato Basil Pizza Whole Grain Wheat Crackers, 7.1 oz",
    "href": "/ip/Triscuit-Thin-Crisps-Tomato-Basil-Pizza-Whole-Grain-Wheat-Crackers-7-1-oz/5053952675?classType=VARIANT",
    "currentPrice": "current price $3.78",
    "pricePerOz": "53.2 ¢/oz",
    "pickup": "Shipping, arrives tomorrow",
    "delivery": "N/A",
    "shipping": "N/A"
  },
  {
    "ioId": "3IR7R7P8KFU8",
    "linkIdentifier": "14751151676",
    "text": "(3 pack) Great Value Whole Grain Saltine Crackers, 16 oz, 4 Count",
    "href": "/ip/Great-Value-Whole-Grain-Saltine-Crackers-16-oz-4-Count/14751151676?classType=REGULAR",
    "currentPrice": "current price $5.76",
    "pricePerOz": "12.0 ¢/oz",
    "pickup": "Pickup today",
    "delivery": "Delivery today",
    "shipping": "Shipping, arrives tomorrow"
  },
  {
    "ioId": "4P1UJ7EIG1OG",
    "linkIdentifier": "126118158",
    "text": "Moon Cheese, 2 Oz. Pack of Three (Assortment)",
    "href": "/ip/Moon-Cheese-2-Oz-Pack-of-Three-Assortment/126118158?classType=REGULAR",
    "currentPrice": "current price $19.99",
    "pricePerOz": "+$9.99 shipping",
    "pickup": "Shipping, arrives in 3+ days",
    "delivery": "N/A",
    "shipping": "N/A"
  },
  {
    "ioId": "1R6N48ZH8O5G",
    "linkIdentifier": "270783177",
    "text": "RITZ Everything Crackers, 13.7oz",
    "href": "/ip/RITZ-Everything-Crackers-13-7oz/270783177?classType=VARIANT",
    "currentPrice": "current price $5.15",
    "pricePerOz": "37.6 ¢/oz",
    "pickup": "Shipping, arrives in 3+ days",
    "delivery": "N/A",
    "shipping": "N/A"
  },
  {
    "ioId": "3G4T2317EOED",
    "linkIdentifier": "15156054257",
    "text": "Nagaraya Assorted Cracker Nuts SBF3",
    "href": "/ip/Nagaraya-Assorted-Cracker-Nuts-SBF3-nbsp/15156054257?classType=REGULAR",
    "currentPrice": "N/A",
    "pricePerOz": "N/A",
    "pickup": "Free shipping, arrives in 3+ days",
    "delivery": "N/A",
    "shipping": "N/A"
  },
  {
    "ioId": "3LMKDTGBVNRV",
    "linkIdentifier": "8947364399",
    "text": "RITZ Original Crackers, Party Size, 11.4 oz",
    "href": "/ip/RITZ-Original-Crackers-Party-Size-1LB-11-4-oz-HB5/8947364399?classType=REGULAR",
    "currentPrice": "current price $8.94",
    "pricePerOz": "N/A",
    "pickup": "Free shipping, arrives in 3+ days",
    "delivery": "N/A",
    "shipping": "N/A"
  },
  {
    "ioId": "3YPGMTHHET1T",
    "linkIdentifier": "5370342565",
    "text": "Pepperidge Farms Goldfish, Flavor Blasted Xplosive Pizza, 6.6-ounce bag",
    "href": "/ip/Pepperidge-Farms-Goldfish-Flavor-Blasted-Xplosive-Pizza-6-6-ounce-bag/5370342565?classType=REGULAR",
    "currentPrice": "current price $3.52",
    "pricePerOz": "+$9.89 shipping",
    "pickup": "Shipping, arrives in 3+ days",
    "delivery": "N/A",
    "shipping": "N/A"
  },
  {
    "ioId": "3Q6CJ4L7J4AT",
    "linkIdentifier": "7926156792",
    "text": "Jabsons Khakhra Plain Salted",
    "href": "/ip/Jabsons-Khakhra-Plain-Salted/7926156792?classType=VARIANT",
    "currentPrice": "current price $12.99",
    "pricePerOz": "N/A",
    "pickup": "Free shipping, arrives in 3+ days",
    "delivery": "N/A",
    "shipping": "N/A"
  },
  {
    "ioId": "6X2KXBACD7EQ",
    "linkIdentifier": "7593055664",
    "text": "Original Rye Crispbread (250g)",
    "href": "/ip/Original-Rye-Crispbread-250g/7593055664?classType=VARIANT",
    "currentPrice": "current price $17.99",
    "pricePerOz": "N/A",
    "pickup": "Shipping, arrives in 2 days",
    "delivery": "N/A",
    "shipping": "N/A"
  },
  {
    "ioId": "7GZEPSI11AZP",
    "linkIdentifier": "1156358559",
    "text": "Chicken in a Biskit Ranch Baked Snack Crackers, Family Size, 12 oz",
    "href": "/ip/Chicken-in-a-Biskit-Ranch-Baked-Snack-Crackers-Family-Size-12-oz/1156358559?classType=VARIANT",
    "currentPrice": "current price $4.98",
    "pricePerOz": "41.5 ¢/oz",
    "pickup": "Pickup today",
    "delivery": "Delivery today",
    "shipping": "Shipping, arrives tomorrow"
  },
  {
    "ioId": "3QG5BA88T3KI",
    "linkIdentifier": "195477231",
    "text": "Firehook Baked Crackers, Sea Salt, 5.5 Oz",
    "href": "/ip/Firehook-Baked-Crackers-Sea-Salt-5-5-Oz/195477231?classType=REGULAR&athbdg=L1700",
    "currentPrice": "current price Now $45.07",
    "pricePerOz": "$59.35",
    "pickup": "Shipping, arrives in 3+ days",
    "delivery": "N/A",
    "shipping": "N/A"
  },
  {
    "ioId": "3V23KSQCK5DC",
    "linkIdentifier": "1228106157",
    "text": "Austin Cheese Crackers With Peanut Butter, 1.38 Ounces, 12 per case",
    "href": "/ip/Austin-Cheese-Crackers-With-Peanut-Butter-1-38-Ounces-12-per-case/1228106157?classType=VARIANT",
    "currentPrice": "current price $72.89",
    "pricePerOz": "N/A",
    "pickup": "Free shipping, arrives in 3+ days",
    "delivery": "N/A",
    "shipping": "N/A"
  },
  {
    "ioId": "60YICBNNZ5WL",
    "linkIdentifier": "441729169",
    "text": "Sophia Crackers Italian - Rosemary & Extra Virgin Olive Oil",
    "href": "/ip/Sophia-Crackers-Italian-Rosemary-Extra-Virgin-Olive-Oil/441729169?classType=VARIANT",
    "currentPrice": "current price $47.40",
    "pricePerOz": "N/A",
    "pickup": "Free shipping, arrives in 3+ days",
    "delivery": "N/A",
    "shipping": "N/A"
  },
  {
    "ioId": "638O3BC8NCZK",
    "linkIdentifier": "9256805111",
    "text": "Wisecrackers Roasted Garlic & Rosemary Crackers 4.7 oz (Pack Of 6)",
    "href": "/ip/Wisecrackers-Roasted-Garlic-Rosemary-Crackers-4-7-oz-Pack-Of-6/9256805111?classType=REGULAR",
    "currentPrice": "current price $58.99",
    "pricePerOz": "N/A",
    "pickup": "Free shipping, arrives in 3+ days",
    "delivery": "N/A",
    "shipping": "N/A"
  },
  {
    "ioId": "27H31QDVMDT3",
    "linkIdentifier": "10307511",
    "text": "Blue Diamond Almonds, Gluten Free Almond Flavored Nut-Thins Snack Crackers, 4.25 oz. Box",
    "href": "/ip/Blue-Diamond-Almonds-Gluten-Free-Almond-Flavored-Nut-Thins-Snack-Crackers-4-25-oz-Box/10307511?classType=REGULAR",
    "currentPrice": "current price $3.38",
    "pricePerOz": "78.6 ¢/oz",
    "pickup": "Pickup today",
    "delivery": "Delivery today",
    "shipping": "N/A"
  },
  {
    "ioId": "17K2XAZ41PBO",
    "linkIdentifier": "112782273",
    "text": "Christie Vegetable Thins Original, 200g/7oz",
    "href": "/ip/Christie-Vegetable-Thins-Original-200g-7oz-Imported-from-Canada/112782273?classType=REGULAR",
    "currentPrice": "current price $19.99",
    "pricePerOz": "N/A",
    "pickup": "Free shipping, arrives in 3+ days",
    "delivery": "N/A",
    "shipping": "N/A"
  },
  {
    "ioId": "1JUBZ5PC4VKZ",
    "linkIdentifier": "672146275",
    "text": "Schar Gluten-Free Rosemary Table Crackers with Sea Salt, 1.2 oz",
    "href": "/ip/Schar-Gluten-Free-Rosemary-Table-Crackers-with-Sea-Salt-1-2-oz-6-Count/672146275?classType=VARIANT",
    "currentPrice": "current price $5.23",
    "pricePerOz": "70.7 ¢/oz",
    "pickup": "Shipping, arrives tomorrow",
    "delivery": "N/A",
    "shipping": "N/A"
  },
  {
    "ioId": "3HDWGKS57UF9",
    "linkIdentifier": "43200061",
    "text": "Teddy Grahams Honey Graham Snacks, 12 Snack Packs",
    "href": "/ip/Nabisco-Honey-Maid-Honey-Teddy-Grahams-1-oz-12-count/43200061?classType=REGULAR",
    "currentPrice": "current price $6.72",
    "pricePerOz": "56.0 ¢/oz",
    "pickup": "Pickup today",
    "delivery": "Delivery today",
    "shipping": "N/A"
  },
  {
    "ioId": "71T7KUKO2F2B",
    "linkIdentifier": "324417254",
    "text": "Lance Sandwich Crackers, Captain's Wafers Cream Cheese and Chives, 6 Packs, 4 Sandwiches Each",
    "href": "/ip/Lance-Sandwich-Crackers-Captain-s-Wafers-Cream-Cheese-and-Chives-6-Packs-4-Sandwiches-Each/324417254?classType=REGULAR",
    "currentPrice": "current price Now $2.98",
    "pricePerOz": "$9.99",
    "pickup": "Shipping, arrives in 3+ days",
    "delivery": "N/A",
    "shipping": "N/A"
  },
  {
    "ioId": "2PKNE2FZAEU8",
    "linkIdentifier": "10996961",
    "text": "Cheez-It Reduced Fat Original Baked Snack Cheese Crackers, Made with 100% Real Cheese, 11.5 oz",
    "href": "/ip/Cheez-It-Reduced-Fat-Original-Baked-Snack-Cheese-Crackers-Made-with-100-Real-Cheese-11-5-oz/10996961?classType=REGULAR&athbdg=L1300",
    "currentPrice": "current price Now $3.38",
    "pricePerOz": "$3.78",
    "pickup": "Pickup today",
    "delivery": "Delivery today",
    "shipping": "N/A"
  },
  {
    "ioId": "23EMA80SC195",
    "linkIdentifier": "9412571381",
    "text": "Pepperidge Farm Goldfish Pretzel Crackers - 8oz pack of 3",
    "href": "/ip/Pepperidge-Farm-Goldfish-Pretzel-Crackers-8oz-pack-of-3/9412571381?classType=REGULAR",
    "currentPrice": "current price $20.46",
    "pricePerOz": "+$8.99 shipping",
    "pickup": "Shipping, arrives in 3+ days",
    "delivery": "N/A",
    "shipping": "N/A"
  },
  {
    "ioId": "28JMB2A3Z8FM",
    "linkIdentifier": "34259767",
    "text": "Lance Sandwich Crackers, Toasty Peanut Butter, 20 Individually Wrapped Packs, 6 Sandwiches Each",
    "href": "/ip/Lance-Sandwich-Crackers-Toasty-Peanut-Butter-20-Individually-Wrapped-Packs-6-Sandwiches-Each/34259767?classType=VARIANT",
    "currentPrice": "current price $7.24",
    "pricePerOz": "28.2 ¢/oz",
    "pickup": "Shipping, arrives tomorrow",
    "delivery": "N/A",
    "shipping": "N/A"
  },
  {
    "ioId": "4NK52U4QZXS4",
    "linkIdentifier": "578435615",
    "text": "Cheez-It Snap'd Cheddar Sour Cream and Onion (Pack of 2)",
    "href": "/ip/Cheez-It-Snap-d-Cheddar-Sour-Cream-and-Onion-Pack-of-2/578435615?classType=REGULAR",
    "currentPrice": "current price $12.69",
    "pricePerOz": "+$8.99 shipping",
    "pickup": "Shipping, arrives in 3+ days",
    "delivery": "N/A",
    "shipping": "N/A"
  },
  {
    "ioId": "5X3112DOGB0H",
    "linkIdentifier": "12131406627",
    "text": "(Pack of 8), Firehook Rosemary Sea Salt Crackers, 5.5 oz",
    "href": "/ip/Pack-of-8-Firehook-Rosemary-Sea-Salt-Crackers-5-5-oz/12131406627?classType=REGULAR",
    "currentPrice": "current price $31.83",
    "pricePerOz": "+$13.86 shipping",
    "pickup": "Shipping, arrives in 3+ days",
    "delivery": "N/A",
    "shipping": "N/A"
  },
  {
    "ioId": "76S9KXSVZPJB",
    "linkIdentifier": "425580481",
    "text": "Lance Sandwich Crackers, Captain's Wafers White Cheddar, 8 Individual Packs, 6 Sandwiches Each",
    "href": "/ip/Lance-Sandwich-Crackers-Captain-s-Wafers-White-Cheddar-8-Individual-Packs-6-Sandwiches-Each/425580481?classType=REGULAR",
    "currentPrice": "current price $8.99",
    "pricePerOz": "81.7 ¢/oz",
    "pickup": "Free shipping, arrives in 3+ days",
    "delivery": "N/A",
    "shipping": "N/A"
  },
  {
    "ioId": "6YJJNHXKRQ78",
    "linkIdentifier": "526942618",
    "text": "Manischewitz Passover Whole Wheat Matzo 10 oz 3 Pack Thin, Crisp & Delicious, Just 2 Ingredients!",
    "href": "/ip/Manischewitz-Passover-Whole-Wheat-Matzo-10-oz-3-Pack-Thin-Crisp-Delicious-Just-2-Ingredients/526942618?classType=REGULAR",
    "currentPrice": "current price $14.99",
    "pricePerOz": "N/A",
    "pickup": "N/A",
    "delivery": "N/A",
    "shipping": "N/A"
  },
  {
    "ioId": "3ETVHL63FDWM",
    "linkIdentifier": "8601751241",
    "text": "Kii Naturals Cranberry Pumpkin Seed Crisps 5.3 oz (Pack Of 12)",
    "href": "/ip/Kii-Naturals-Cranberry-Pumpkin-Seed-Crisps-5-3-oz-Pack-Of-12/8601751241?classType=VARIANT",
    "currentPrice": "N/A",
    "pricePerOz": "N/A",
    "pickup": "Free shipping, arrives in 3+ days",
    "delivery": "N/A",
    "shipping": "N/A"
  },
  {
    "ioId": "6QUASVUWCGJP",
    "linkIdentifier": "36334263",
    "text": "Annie's Organic Honey Graham Crackers, Made With Whole Grain, 14.4 oz",
    "href": "/ip/ANN-ORG-GRAHAM-CRCKRS-HONEY/36334263?classType=REGULAR",
    "currentPrice": "current price Now $7.03",
    "pricePerOz": "$8.78",
    "pickup": "Free shipping, arrives in 3+ days",
    "delivery": "N/A",
    "shipping": "N/A"
  },
  {
    "ioId": "7DV2WZZPU1Z9",
    "linkIdentifier": "1364838114",
    "text": "Keebler Crackers, Animal, 160 Ounce",
    "href": "/ip/Keebler-Crackers-Animal-160-Ounce/1364838114?classType=REGULAR",
    "currentPrice": "current price $69.98",
    "pricePerOz": "N/A",
    "pickup": "Free shipping, arrives in 3+ days",
    "delivery": "N/A",
    "shipping": "N/A"
  },
  {
    "ioId": "5QX0P33W5AGX",
    "linkIdentifier": "209052547",
    "text": "Christie Cheese Bits Snacking Crackers 200g/7oz, 6-Pack {Imported from Canada}",
    "href": "/ip/Christie-Cheese-Bits-Snacking-Crackers-200g-7oz-6-Pack-Imported-from-Canada/209052547?classType=REGULAR",
    "currentPrice": "current price $39.99",
    "pricePerOz": "N/A",
    "pickup": "Free shipping, arrives in 3+ days",
    "delivery": "N/A",
    "shipping": "N/A"
  },
  {
    "ioId": "3CVRDETY0L2Q",
    "linkIdentifier": "5352982431",
    "text": "Streit's, Whole Wheat Matzo, 11 oz NG01",
    "href": "/ip/Streit-s-Whole-Wheat-Matzo-11-oz-NG01/5352982431?classType=REGULAR",
    "currentPrice": "N/A",
    "pricePerOz": "N/A",
    "pickup": "Free shipping, arrives in 3+ days",
    "delivery": "N/A",
    "shipping": "N/A"
  },
  {
    "ioId": "41UTYE1HBHC1",
    "linkIdentifier": "16940649",
    "text": "Madrona Specialty Foods La Panzanella Croccantini, 6 oz",
    "href": "/ip/Madrona-Specialty-Foods-La-Panzanella-Croccantini-6-oz/16940649?classType=REGULAR",
    "currentPrice": "current price $53.93",
    "pricePerOz": "+$9.98 shipping",
    "pickup": "Shipping, arrives in 3+ days",
    "delivery": "N/A",
    "shipping": "N/A"
  },
  {
    "ioId": "2I4N5ASZ74RH",
    "linkIdentifier": "12211969345",
    "text": "(1PACK)Cheez-It Puff'd White Cheddar Cheesy Baked Snacks, Puffed Snack Crackers,",
    "href": "/ip/1PACK-Cheez-It-Puff-d-White-Cheddar-Cheesy-Baked-Snacks-Puffed-Snack-Crackers/12211969345?classType=REGULAR",
    "currentPrice": "current price $5.21",
    "pricePerOz": "+$6.99 shipping",
    "pickup": "Shipping, arrives in 3+ days",
    "delivery": "N/A",
    "shipping": "N/A"
  },
  {
    "ioId": "64L39YIE4JS0",
    "linkIdentifier": "1170816465",
    "text": "La Panzanella Artisan Crackers Mini Croccantini Multigrain Gourmet Flatbread with Kokobunch Kit 6oz (Pack of 6)",
    "href": "/ip/La-Panzanella-Artisan-Crackers-Mini-Croccantini-Multigrain-Gourmet-Flatbread-with-Kokobunch-Kit-6oz-Pack-of-6/1170816465?classType=REGULAR",
    "currentPrice": "current price $46.90",
    "pricePerOz": "N/A",
    "pickup": "Free shipping, arrives in 3+ days",
    "delivery": "N/A",
    "shipping": "N/A"
  },
  {
    "ioId": "743C2N90WW2P",
    "linkIdentifier": "10292090",
    "text": "Teddy Grahams Honey Graham Snacks, 10 oz",
    "href": "/ip/Nabisco-Teddy-Grahams-Honey-10-oz/10292090?classType=REGULAR",
    "currentPrice": "current price $3.98",
    "pricePerOz": "39.8 ¢/oz",
    "pickup": "Pickup today",
    "delivery": "Delivery today",
    "shipping": "N/A"
  },
  {
    "ioId": "4HEWRV0KQC0W",
    "linkIdentifier": "34298304",
    "text": "Blue Diamond Almonds Nut-Thins Artisan, Multi-Seed, Snack Crackers, Gluten-Free, 4.25oz",
    "href": "/ip/Blue-Diamond-Almonds-Nut-Thins-Artisan-Multi-Seed-Snack-Crackers-Gluten-Free-4-25oz/34298304?classType=REGULAR",
    "currentPrice": "current price $4.68",
    "pricePerOz": "$1.09/oz",
    "pickup": "Shipping, arrives in 3+ days",
    "delivery": "N/A",
    "shipping": "N/A"
  },
  {
    "ioId": "35W55BJXYAWL",
    "linkIdentifier": "5567584733",
    "text": "bettergoods Gluten-Free Chile Lime Crackers, 3.5 oz",
    "href": "/ip/bettergoods-Chile-Lime-Rice-Crackers/5567584733?classType=VARIANT",
    "currentPrice": "current price $2.97",
    "pricePerOz": "84.9 ¢/oz",
    "pickup": "Shipping, arrives tomorrow",
    "delivery": "N/A",
    "shipping": "N/A"
  },
  {
    "ioId": "4HD4FBQ4L4VT",
    "linkIdentifier": "12507773242",
    "text": "Mary's Gone Crackers Organic Original Crackers, 4oz (6 pack)",
    "href": "/ip/Mary-s-Gone-Crackers-Organic-Original-Crackers-4oz-6-pack/12507773242?classType=VARIANT",
    "currentPrice": "current price $26.95",
    "pricePerOz": "N/A",
    "pickup": "Shipping, arrives in 2 days",
    "delivery": "N/A",
    "shipping": "N/A"
  },
  {
    "ioId": "5PN5ACNQLHNN",
    "linkIdentifier": "5564768692",
    "text": "Kellogg's Club Crackers Original 13.7 oz Pack of 2",
    "href": "/ip/Kellogg-s-Club-Crackers-Original-13-7-oz-Pack-of-2/5564768692?classType=REGULAR",
    "currentPrice": "current price Now $15.81",
    "pricePerOz": "$19.99",
    "pickup": "Shipping, arrives in 3+ days",
    "delivery": "N/A",
    "shipping": "N/A"
  },
  {
    "ioId": "1JXUVP6F36P2",
    "linkIdentifier": "5265350219",
    "text": "(3 pack) GREAT VALUE 21 OZ CHEESE CRACKERS",
    "href": "/ip/Great-Value-Family-Size-Cheddar-Cheese-Crackers-Family-Size-21-oz/5265350219?classType=REGULAR",
    "currentPrice": "current price $12.36",
    "pricePerOz": "19.6 ¢/oz",
    "pickup": "Pickup today",
    "delivery": "Delivery today",
    "shipping": "Shipping, arrives tomorrow"
  },
  {
    "ioId": "4FWEYE76GVYB",
    "linkIdentifier": "1123214504",
    "text": "Good Thins Sesame Rice Snacks Gluten Free Crackers, 3.5 oz",
    "href": "/ip/Good-Thins-Sesame-Rice-Snacks-Gluten-Free-Crackers-3-5-oz/1123214504?classType=VARIANT",
    "currentPrice": "current price $3.58",
    "pricePerOz": "$1.02/oz",
    "pickup": "Pickup today",
    "delivery": "Delivery today",
    "shipping": "Shipping, arrives tomorrow"
  },
  {
    "ioId": "237640QASFRL",
    "linkIdentifier": "112334044",
    "text": "Lance Sandwich Crackers, Captain's Wafers Cream Cheese and Chives, 40 Packs",
    "href": "/ip/Lance-Sandwich-Crackers-Captain-s-Wafers-Cream-Cheese-and-Chives-40-Packs/112334044?classType=REGULAR",
    "currentPrice": "current price Now $16.74",
    "pricePerOz": "$19.59",
    "pickup": "Free shipping, arrives in 3+ days",
    "delivery": "N/A",
    "shipping": "N/A"
  },
  {
    "ioId": "5FFO4P0RQ29E",
    "linkIdentifier": "5765855353",
    "text": "Breton Crackers, Gluten Free Herb & Garlic, Pack of 3",
    "href": "/ip/Breton-Crackers-Gluten-Free-Herb-Garlic-Pack-of-3/5765855353?classType=REGULAR",
    "currentPrice": "current price $16.69",
    "pricePerOz": "62.2 ¢/ea",
    "pickup": "Free shipping, arrives in 3+ days",
    "delivery": "N/A",
    "shipping": "N/A"
  },
  {
    "ioId": "7CSSE84JHNV5",
    "linkIdentifier": "5276315596",
    "text": "RITZ Fresh Stacks Original Crackers, Party Size, 23.7 oz (16 Stacks)",
    "href": "/ip/Ritz-Crackers-Flavor-Party-Size-Box-Of-Fresh-Stacks-16-Sleeves-Total-Original-23-7-Ounce-16-Count-Pack-Of-1/5276315596?classType=REGULAR",
    "currentPrice": "current price $8.20",
    "pricePerOz": "N/A",
    "pickup": "Free shipping, arrives in 3+ days",
    "delivery": "N/A",
    "shipping": "N/A"
  },
  {
    "ioId": "5GM6ZLD7WT46",
    "linkIdentifier": "542480485",
    "text": "Ryvita Original Crunchy Rye Crispbread 250g (Pack of 6)",
    "href": "/ip/Ryvita-Original-Crunchy-Rye-Crispbread-250g-Pack-of-6/542480485?classType=REGULAR",
    "currentPrice": "current price $39.28",
    "pricePerOz": "15.7 ¢/g",
    "pickup": "Free shipping, arrives in 3+ days",
    "delivery": "N/A",
    "shipping": "N/A"
  },
  {
    "ioId": "10FFMH9IE2LL",
    "linkIdentifier": "11503572914",
    "text": "Trader Joe's Gluten-Free Norwegian Sesame Crispbread, 3 Pack, 22.65 oz",
    "href": "/ip/Pack-of-3-Trader-Joe-s-Gluten-Fee-Norwegian-Crispbread-7-55-oz/11503572914?classType=VARIANT",
    "currentPrice": "current price $16.13",
    "pricePerOz": "+$5.49 shipping",
    "pickup": "Shipping, arrives in 3+ days",
    "delivery": "N/A",
    "shipping": "N/A"
  },
  {
    "ioId": "366BBEWV0BMH",
    "linkIdentifier": "43200060",
    "text": "Barnum's Original Animal Crackers, 12 Snack Packs",
    "href": "/ip/Nabisco-Barnum-s-Animals-Crackers-1-oz-12-count/43200060?classType=REGULAR",
    "currentPrice": "current price $6.72",
    "pricePerOz": "56.0 ¢/oz",
    "pickup": "Pickup today",
    "delivery": "Delivery today",
    "shipping": "Shipping, arrives tomorrow"
  },
  {
    "ioId": "636FBBJ21A7A",
    "linkIdentifier": "6195873054",
    "text": "Pack Of 8 Quaker Rice Crisps Gluten Free Buttermilk Ranch | 0.67 Oz Per Pack | GOLDENROW",
    "href": "/ip/Pack-Of-8-Quaker-Rice-Crisps-Gluten-Free-Buttermilk-Ranch-0-67-Oz-Per-Pack-GOLDENROW/6195873054?classType=VARIANT",
    "currentPrice": "current price $9.73",
    "pricePerOz": "+$4.99 shipping",
    "pickup": "Shipping, arrives in 3+ days",
    "delivery": "N/A",
    "shipping": "N/A"
  },
  {
    "ioId": "257699Q47FA9",
    "linkIdentifier": "5229667166",
    "text": "(3 pack) RITZ Toasted Chips Ranch Crackers, 8.1 oz",
    "href": "/ip/RITZ-Toasted-Chips-Ranch-Crackers-8-1-oz/5229667166?classType=REGULAR&athbdg=L1300",
    "currentPrice": "current price Now $10.38",
    "pricePerOz": "$11.76",
    "pickup": "Pickup today",
    "delivery": "Delivery today",
    "shipping": "Shipping, arrives tomorrow"
  },
  {
    "ioId": "7EATFEDDUDL3",
    "linkIdentifier": "2821967357",
    "text": "OLINAS BAKEHOUSE CRACKERS FIG & SUNFLOWER 3.5 OZ - Pack of 12",
    "href": "/ip/OLINAS-BAKEHOUSE-CRACKERS-FIG-SUNFLOWER-3-5-OZ-Pack-of-12/2821967357?classType=REGULAR",
    "currentPrice": "current price $74.98",
    "pricePerOz": "N/A",
    "pickup": "Free shipping, arrives in 3+ days",
    "delivery": "N/A",
    "shipping": "N/A"
  },
  {
    "ioId": "4W9GYZO9AW09",
    "linkIdentifier": "1158958137",
    "text": "Low Carb Melba Toast (Sea Salt) Flavor-For Dips, Spreads, Soups, Salads & More - 4oz-Keto Snack- 1 Net Carb Per Serving- Kosher Friendly Crunchy Bites",
    "href": "/ip/Low-Carb-Melba-Toast-Sea-Salt-Flavor-For-Dips-Spreads-Soups-Salads-More-4oz-Keto-Snack-1-Net-Per-Serving-Kosher-Friendly-Crunchy-Bites/1158958137?classType=REGULAR",
    "currentPrice": "current price $11.98",
    "pricePerOz": "N/A",
    "pickup": "Shipping, arrives in 2 days",
    "delivery": "N/A",
    "shipping": "N/A"
  },
  {
    "ioId": "1FHWL7G5ZL4I",
    "linkIdentifier": "3945386985",
    "text": "RITZ Toasted Chips Sweet Habanero Crackers, 8.1 oz",
    "href": "/ip/RITZ-Toasted-Chips-Sweet-Habanero-Crackers-8-1-oz/3945386985?classType=VARIANT&athbdg=L1300",
    "currentPrice": "current price Now $3.46",
    "pricePerOz": "$3.92",
    "pickup": "Pickup today",
    "delivery": "Delivery today",
    "shipping": "Shipping, arrives tomorrow"
  },
  {
    "ioId": "3ND346U4TPP9",
    "linkIdentifier": "279362989",
    "text": "Triscuit Dill, Sea Salt & Olive Oil Whole Grain Wheat Crackers, 8.5 oz",
    "href": "/ip/Triscuit-Dill-Sea-Salt-Olive-Oil-Whole-Grain-Wheat-Crackers-8-5-oz/279362989?classType=VARIANT",
    "currentPrice": "current price $6.97",
    "pricePerOz": "82.0 ¢/oz",
    "pickup": "Shipping, arrives in 3+ days",
    "delivery": "N/A",
    "shipping": "N/A"
  },
  {
    "ioId": "4YA912XJO4FQ",
    "linkIdentifier": "1637668612",
    "text": "RITZ Toasted Chips Original Crackers, Family Size, 11.4 oz",
    "href": "/ip/RITZ-Toasted-Chips-Original-Crackers-Family-Size-11-4-oz/1637668612?classType=VARIANT",
    "currentPrice": "current price $4.98",
    "pricePerOz": "43.7 ¢/oz",
    "pickup": "Pickup today",
    "delivery": "Delivery today",
    "shipping": "Shipping, arrives tomorrow"
  },
  {
    "ioId": "56GBX52DMIAX",
    "linkIdentifier": "180793575",
    "text": "Kii Naturals Artisan Crisps",
    "href": "/ip/Kii-Naturals-Artisan-Crisps/180793575?classType=REGULAR",
    "currentPrice": "current price $6.99",
    "pricePerOz": "$1.32/oz",
    "pickup": "Shipping, arrives in 3+ days",
    "delivery": "N/A",
    "shipping": "N/A"
  },
  {
    "ioId": "2HHA79WWCG50",
    "linkIdentifier": "11191973686",
    "text": "Toasteds Crackers Assortment Party Pack 12 oz",
    "href": "/ip/Toasteds-Crackers-Assortment-Party-Pack-12-oz/11191973686?classType=REGULAR",
    "currentPrice": "current price $15.95",
    "pricePerOz": "N/A",
    "pickup": "Free shipping, arrives in 3+ days",
    "delivery": "N/A",
    "shipping": "N/A"
  },
  {
    "ioId": "4NVIOQEI7FBD",
    "linkIdentifier": "885793056",
    "text": "Crunchmaster Rice Crackers, Assorted Flavor (3.5oz / 6Pk)",
    "href": "/ip/Crunchmaster-Rice-Crackers-Assorted-Flavor-3-5oz-6Pk/885793056?classType=REGULAR",
    "currentPrice": "current price $23.49",
    "pricePerOz": "N/A",
    "pickup": "Free shipping, arrives in 3+ days",
    "delivery": "N/A",
    "shipping": "N/A"
  },
  {
    "ioId": "172H4FORXLFS",
    "linkIdentifier": "967692288",
    "text": "Crunchmaster Gluten Free Multi-Seed Crunchy Crackers, Rosemary & Olive Oil, 4 Ounce",
    "href": "/ip/Crunchmaster-Gluten-Free-Multi-Seed-Crunchy-Crackers-Rosemary-Olive-Oil-4-Ounce/967692288?classType=REGULAR",
    "currentPrice": "current price $7.99",
    "pricePerOz": "$2.00/oz",
    "pickup": "Shipping, arrives tomorrow",
    "delivery": "N/A",
    "shipping": "N/A"
  },
  {
    "ioId": "7LHSEYV7W58O",
    "linkIdentifier": "311330588",
    "text": "Cheez-It Snap'd Jalapeno Jack Cheese Cracker Chips, Thin Crisps, 7.5 oz",
    "href": "/ip/Cheez-It-Snap-d-Jalapeno-Jack-Cheese-Cracker-Chips-Thin-Crisps-7-5-oz/311330588?classType=REGULAR",
    "currentPrice": "N/A",
    "pricePerOz": "N/A",
    "pickup": "Free shipping, arrives in 3+ days",
    "delivery": "N/A",
    "shipping": "N/A"
  },
  {
    "ioId": "3CJEQRH7C7XZ",
    "linkIdentifier": "149797732",
    "text": "Milton's Gluten Free Crackers - Everything Seasoning, 4.5oz, Plastic Bag",
    "href": "/ip/Milton-s-Craft-Bakers-Gluten-Free-Crispy-Everything-Seasoning-Crackers-4-5oz/149797732?classType=VARIANT",
    "currentPrice": "current price $10.00",
    "pricePerOz": "$2.22/oz",
    "pickup": "Shipping, arrives in 2 days",
    "delivery": "N/A",
    "shipping": "N/A"
  },
  {
    "ioId": "0UGVEMBP8OJ9",
    "linkIdentifier": "31955078",
    "text": "Stauffer's Original Animal Crackers, 1.5 oz, 12 count",
    "href": "/ip/Stauffer-s-Animal-Crackers-Low-Fat-Original-1-5-oz-12-Count/31955078?classType=REGULAR",
    "currentPrice": "current price Now $9.90",
    "pricePerOz": "$13.90",
    "pickup": "Free shipping, arrives in 3+ days",
    "delivery": "N/A",
    "shipping": "N/A"
  },
  {
    "ioId": "217XUF09DX7S",
    "linkIdentifier": "14710095",
    "text": "Dare Breton Original Crackers, 8 oz.",
    "href": "/ip/Breton-Original-Crackers-8-oz/14710095?classType=REGULAR",
    "currentPrice": "current price $19.99",
    "pricePerOz": "$2.50/oz",
    "pickup": "Free shipping, arrives in 3+ days",
    "delivery": "N/A",
    "shipping": "N/A"
  },
  {
    "ioId": "68HH5CP5QXDU",
    "linkIdentifier": "5571863022",
    "text": "Cheez-It Cheesy Jalapeo Cheese Crackers, Baked Snack Crackers, 12.4 oz",
    "href": "/ip/Cheez-It-Cheesy-Jalape-o-Cheese-Crackers-Baked-Snack-Crackers-12-4-oz/5571863022?classType=REGULAR",
    "currentPrice": "current price $3.68",
    "pricePerOz": "29.7 ¢/oz",
    "pickup": "N/A",
    "delivery": "N/A",
    "shipping": "N/A"
  },
  {
    "ioId": "5PQICQY6WZVR",
    "linkIdentifier": "5344886442",
    "text": "Product of Nabisco Ritz Crackers, 61.6 oz. (18 pk.) - Crackers [Bulk Savings] - PACK OF 3",
    "href": "/ip/Product-of-Nabisco-Ritz-Crackers-61-6-oz-18-pk-Crackers-Bulk-Savings-PACK-OF-3/5344886442?classType=undefined",
    "currentPrice": "N/A",
    "pricePerOz": "N/A",
    "pickup": "N/A",
    "delivery": "N/A",
    "shipping": "N/A"
  },
  {
    "ioId": "5A0A7EOCWL92",
    "linkIdentifier": "12774155999",
    "text": "Haitai - Edo Pack (Edo Premium Cracker), 6.06 Ounces, (1 Box)",
    "href": "/ip/Haitai-Edo-Pack-Edo-Premium-Cracker-6-06-Ounces-1-Box/12774155999?classType=undefined",
    "currentPrice": "N/A",
    "pricePerOz": "N/A",
    "pickup": "N/A",
    "delivery": "N/A",
    "shipping": "N/A"
  },
  {
    "ioId": "1M8F14WDJCJ7",
    "linkIdentifier": "10789402",
    "text": "Kellogg's Cinnamon Baked Graham Cracker Sticks, Lunch Snacks, 12 Count",
    "href": "/ip/Keebler-Baked-Graham-Sticks-Cinnamon-Crackers-12-Oz/10789402?classType=REGULAR",
    "currentPrice": "current price $6.48",
    "pricePerOz": "54.0 ¢/oz",
    "pickup": "Pickup today",
    "delivery": "Delivery today",
    "shipping": "Shipping, arrives tomorrow"
  },
  {
    "ioId": "3M9ET11RYB21",
    "linkIdentifier": "8877407340",
    "text": "2X-Ritz Fresh Stacks Original Crackers Family Size - 17.8 oz",
    "href": "/ip/2X-Ritz-Fresh-Stacks-Original-Crackers-Family-Size-17-8-Oz/8877407340?classType=REGULAR",
    "currentPrice": "current price $16.94",
    "pricePerOz": "+$4.99 shipping",
    "pickup": "Shipping, arrives in 3+ days",
    "delivery": "N/A",
    "shipping": "N/A"
  },
  {
    "ioId": "4L5M872BAQM1",
    "linkIdentifier": "11558006692",
    "text": "Pack of 2 Trader Joe's Gluten Fee Norwegian Crispbread | 7.55 oz",
    "href": "/ip/Pack-of-2-Trader-Joe-s-Gluten-Fee-Norwegian-Crispbread-7-55-oz/11558006692?classType=VARIANT",
    "currentPrice": "current price $11.49",
    "pricePerOz": "+$5.49 shipping",
    "pickup": "Shipping, arrives in 3+ days",
    "delivery": "N/A",
    "shipping": "N/A"
  },
  {
    "ioId": "44TZGY4VCS3K",
    "linkIdentifier": "294101706",
    "text": "Kellogg's Cinnamon Graham Snacks, Kids Snacks, 12 Count",
    "href": "/ip/Ariel-The-Little-Mermaid-Doll-Disney-From-Applause-12-Inches-Soft-Body-New-OOP-New-Collectible/294101706?classType=VARIANT",
    "currentPrice": "current price $6.48",
    "pricePerOz": "51.0 ¢/oz",
    "pickup": "Pickup today",
    "delivery": "Delivery today",
    "shipping": "Shipping, arrives tomorrow"
  },
  {
    "ioId": "3YXS3H2PAQSN",
    "linkIdentifier": "5694059996",
    "text": "Pack Of 3 Quaker Rice Crisps Gluten Free Cheddar Cheese And Flavor | 0.67 Oz Per Pack | GOLDENROW",
    "href": "/ip/Pack-Of-3-Quaker-Rice-Crisps-Gluten-Free-Cheddar-Cheese-And-Flavor-0-67-Oz-Per-Pack-GOLDENROW/5694059996?classType=VARIANT",
    "currentPrice": "current price $4.29",
    "pricePerOz": "+$4.99 shipping",
    "pickup": "Shipping, arrives in 3+ days",
    "delivery": "N/A",
    "shipping": "N/A"
  },
  {
    "ioId": "2PXQ24W5YE3Q",
    "linkIdentifier": "194543221",
    "text": "Nabisco Team Favorites Variety Pack, OREO, CHIPS AHOY!, Teddy Grahams & Barnum's, 30 Snack Packs",
    "href": "/ip/Nabisco-Team-Favorites-Variety-Pack-OREO-CHIPS-AHOY-Teddy-Grahams-Barnum-s-30-Snack-Packs/194543221?classType=REGULAR",
    "currentPrice": "current price $12.97",
    "pricePerOz": "43.2 ¢/oz",
    "pickup": "Pickup today",
    "delivery": "Delivery today",
    "shipping": "N/A"
  },
  {
    "ioId": "0SBMCTE8NDUP",
    "linkIdentifier": "1293168416",
    "text": "Finn Crisp 3 Pack, Caraway Thin Rye Crispbread w/ Caraway, Boxes, 7 oz",
    "href": "/ip/Finn-Crisp-3-Pack-Caraway-Thin-Rye-Crispbread-w-Caraway-Boxes-7-oz/1293168416?classType=REGULAR",
    "currentPrice": "current price $14.50",
    "pricePerOz": "N/A",
    "pickup": "Shipping, arrives in 2 days",
    "delivery": "N/A",
    "shipping": "N/A"
  },
  {
    "ioId": "42FR6DH2J2WP",
    "linkIdentifier": "3793876778",
    "text": "Cheez-It Puff'd Double Cheese Cheesy Baked Snacks, Puffed Snack Crackers, 12 Count",
    "href": "/ip/Cheez-It-Puff-d-Double-Cheese-Cheesy-Baked-Snacks-Puffed-Snack-Crackers-12-Count/3793876778?classType=VARIANT",
    "currentPrice": "current price $6.52",
    "pricePerOz": "77.6 ¢/oz",
    "pickup": "Pickup today",
    "delivery": "Delivery today",
    "shipping": "Shipping, arrives tomorrow"
  },
  {
    "ioId": "15A9G0Q2L2S5",
    "linkIdentifier": "38440734",
    "text": "John Wm Macy'S Melting Parmesan Cheese Sticks, 4 Oz",
    "href": "/ip/John-Wm-Macy-S-Melting-Parmesan-Cheese-Sticks-4-Oz/38440734?classType=REGULAR",
    "currentPrice": "N/A",
    "pricePerOz": "N/A",
    "pickup": "Free shipping, arrives in 2 days",
    "delivery": "N/A",
    "shipping": "N/A"
  },
  {
    "ioId": "40PPWYG3NI04",
    "linkIdentifier": "599541541",
    "text": "Sophia Crackers Italian - Tomato & Basil (12-pack)",
    "href": "/ip/Sophia-Crackers-Italian-Tomato-amp-Basil-12-pack/599541541?classType=VARIANT",
    "currentPrice": "current price $23.80",
    "pricePerOz": "N/A",
    "pickup": "Free shipping, arrives in 3+ days",
    "delivery": "N/A",
    "shipping": "N/A"
  },
  {
    "ioId": "72Q0FRNZAQSO",
    "linkIdentifier": "14184712006",
    "text": "( 2 Pack ) Keebler Cheese and Cheddar Sandwich Crackers, Single Serve Snack Crackers, 8 Count",
    "href": "/ip/2-Pack-Keebler-Cheese-and-Cheddar-Sandwich-Crackers-Single-Serve-Snack-Crackers-8-Count/14184712006?classType=REGULAR",
    "currentPrice": "current price $15.99",
    "pricePerOz": "N/A",
    "pickup": "Shipping, arrives in 2 days",
    "delivery": "N/A",
    "shipping": "N/A"
  },
  {
    "ioId": "5A1RWUSSJA2F",
    "linkIdentifier": "5277856107",
    "text": "Pepperidge Farm Goldfish ORIGINAL Baked Snack Crackers NEW 6.6 oz Bag",
    "href": "/ip/Pepperidge-Farm-Goldfish-ORIGINAL-Baked-Snack-Crackers-NEW-6-6-oz-Bag/5277856107?classType=REGULAR",
    "currentPrice": "current price $8.99",
    "pricePerOz": "+$3.99 shipping",
    "pickup": "Shipping, arrives in 3+ days",
    "delivery": "N/A",
    "shipping": "N/A"
  },
  {
    "ioId": "7BLZKN2TKR6Q",
    "linkIdentifier": "170556691",
    "text": "Ryvita Dark Rye Crispbread 250g",
    "href": "/ip/Ryvita-Dark-Rye-Crispbread-250g/170556691?classType=REGULAR",
    "currentPrice": "current price $12.50",
    "pricePerOz": "5.0 ¢/g",
    "pickup": "Free shipping, arrives in 3+ days",
    "delivery": "N/A",
    "shipping": "N/A"
  },
  {
    "ioId": "6UNL09IVW1HH",
    "linkIdentifier": "9507459541",
    "text": "Simple Mills Cracker Almond Flour Ground Salt 4.25 oz (Pack Of 6)",
    "href": "/ip/Simple-Mills-Cracker-Almond-Flour-Ground-Salt-4-25-oz-Pack-Of-6/9507459541?classType=VARIANT",
    "currentPrice": "current price Now $31.99",
    "pricePerOz": "$53.98",
    "pickup": "Shipping, arrives in 3+ days",
    "delivery": "N/A",
    "shipping": "N/A"
  },
  {
    "ioId": "5KYMRPF6B56T",
    "linkIdentifier": "872392357",
    "text": "Yehuda Matzo Squares Gluten-Free 10.5 Ounce Pack of 3",
    "href": "/ip/Yehuda-Matzo-Squares-Gluten-Free-10-5-Ounce-Pack-of-3/872392357?classType=REGULAR",
    "currentPrice": "current price $24.99",
    "pricePerOz": "N/A",
    "pickup": "Free shipping, arrives in 3+ days",
    "delivery": "N/A",
    "shipping": "N/A"
  },
  {
    "ioId": "66LM1F083HGS",
    "linkIdentifier": "951454301",
    "text": "Product of Wellsley Farms Entertainment Crackers 4 Pk. 31 oz.",
    "href": "/ip/Wellsley-Farms-Entertainment-Crackers-3-Variety-Wheat-Original-Multigrain-4-pk-31-oz/951454301?classType=REGULAR",
    "currentPrice": "current price Now $21.50",
    "pricePerOz": "$23.95",
    "pickup": "Free shipping, arrives in 3+ days",
    "delivery": "N/A",
    "shipping": "N/A"
  },
  {
    "ioId": "22Y67QYFWC29",
    "linkIdentifier": "10314039",
    "text": "Stauffer's Animal Snack Crackers, 32 oz",
    "href": "/ip/Stauffer-8217-s-Animal-Snack-Crackers-32-oz/10314039?classType=REGULAR&athbdg=L1600",
    "currentPrice": "current price $4.28",
    "pricePerOz": "13.4 ¢/oz",
    "pickup": "Pickup today",
    "delivery": "Delivery today",
    "shipping": "N/A"
  },
  {
    "ioId": "7AJ4L48CFE7A",
    "linkIdentifier": "5404411646",
    "text": "LAIKI Gluten Free Crackers (Variety Pack of 3) Cheese, Truffles and Pepper, Sea Salt Healthy Snacks Whole Grain Brown Rice Almond Flour Alternative Crackers Crispy Crunchy Tasty Light Snacks",
    "href": "/ip/LAIKI-Gluten-Free-Crackers-Variety-Pack-3-Cheese-Truffles-Pepper-Sea-Salt-Healthy-Snacks-Whole-Grain-Brown-Rice-Almond-Flour-Alternative-Crispy-Crunc/5404411646?classType=REGULAR",
    "currentPrice": "current price $14.99",
    "pricePerOz": "N/A",
    "pickup": "Free shipping, arrives in 3+ days",
    "delivery": "N/A",
    "shipping": "N/A"
  },
  {
    "ioId": "5FS8JETCZT9G",
    "linkIdentifier": "5233813628",
    "text": "(3 pack) RITZ Fresh Stacks Original Crackers, 11.8 oz (8 Stacks)",
    "href": "/ip/RITZ-Fresh-Stacks-Original-Crackers-11-8-oz-8-Stacks/5233813628?classType=REGULAR&athbdg=L1300",
    "currentPrice": "current price $10.38",
    "pricePerOz": "29.3 ¢/oz",
    "pickup": "Pickup today",
    "delivery": "Delivery today",
    "shipping": "Shipping, arrives tomorrow"
  },
  {
    "ioId": "6U7ROV1VNSRS",
    "linkIdentifier": "891374586",
    "text": "Manischewitz Organic Whole Wheat Matzos Kosher For Passover 10oz 3 Pack Crisp & Delicious, Kosher for Passover and for Year Round Use",
    "href": "/ip/Manischewitz-Organic-Whole-Wheat-Matzos-Kosher-For-Passover-10oz-3-Pack-Crisp-Delicious-Kosher-for-Passover-and-for-Year-Round-Use/891374586?classType=REGULAR",
    "currentPrice": "current price $19.99",
    "pricePerOz": "N/A",
    "pickup": "Shipping, arrives in 2 days",
    "delivery": "N/A",
    "shipping": "N/A"
  },
  {
    "ioId": "4SQ5O9NEY5H5",
    "linkIdentifier": "652920671",
    "text": "Craize Toasted Corn Cracker Coconut 4oz (2 pack)",
    "href": "/ip/Craize-Toasted-Corn-Cracker-Coconut-4oz-2-pack/652920671?classType=REGULAR",
    "currentPrice": "current price $9.50",
    "pricePerOz": "N/A",
    "pickup": "Shipping, arrives in 2 days",
    "delivery": "N/A",
    "shipping": "N/A"
  },
  {
    "ioId": "2097M9G42YDL",
    "linkIdentifier": "205037334",
    "text": "Appleways Whole Grain Sweet Potato Crispy Crackers | 1.0 oz | Pack of 24",
    "href": "/ip/Appleways-Whole-Grain-Sweet-Potato-Crispy-Crackers-1-0-oz-Pack-of-24/205037334?classType=REGULAR",
    "currentPrice": "current price $24.60",
    "pricePerOz": "N/A",
    "pickup": "Free shipping, arrives in 3+ days",
    "delivery": "N/A",
    "shipping": "N/A"
  },
  {
    "ioId": "4F95YNAMW552",
    "linkIdentifier": "46460986",
    "text": "Stacy's Pita Chips Fire Roasted Jalapeno 7.33 Ounce Plastic Bag",
    "href": "/ip/Stacy-s-Fire-Roasted-Jalapeno-Pita-Chips-7-33-oz-Bag/46460986?classType=REGULAR",
    "currentPrice": "N/A",
    "pricePerOz": "N/A",
    "pickup": "Free shipping, arrives in 3+ days",
    "delivery": "N/A",
    "shipping": "N/A"
  },
  {
    "ioId": "6ODU7XJJNUBL",
    "linkIdentifier": "16627389",
    "text": "Cheez-It Reduced Fat Original Cheese Crackers, Baked Snack Crackers, 19 oz",
    "href": "/ip/Cheez-It-Reduced-Fat-Baked-Snack-Crackers-19-oz/16627389?classType=VARIANT",
    "currentPrice": "current price $5.78",
    "pricePerOz": "30.4 ¢/oz",
    "pickup": "Pickup today",
    "delivery": "Delivery today",
    "shipping": "Shipping, arrives tomorrow"
  },
  {
    "ioId": "2GUIJRN1YU7U",
    "linkIdentifier": "217166009",
    "text": "Manischewitz Tam Tam Original Crackers 9.6oz 2 Pack, Fluffy & Airy, Baked to Perfection",
    "href": "/ip/Manischewitz-Tam-Tam-Original-Crackers-9-6oz-2-Pack-Fluffy-Airy-Baked-to-Perfection/217166009?classType=REGULAR",
    "currentPrice": "current price $11.95",
    "pricePerOz": "N/A",
    "pickup": "Shipping, arrives in 2 days",
    "delivery": "N/A",
    "shipping": "N/A"
  },
  {
    "ioId": "3LOQ0Y1NUFNN",
    "linkIdentifier": "36306682",
    "text": "Yehuda Gluten Free Matzo Style Square Crackers, 10.5 oz",
    "href": "/ip/Yehuda-Gluten-Free-Matzo-Style-Square-Crackers-10-5-oz/36306682?classType=VARIANT",
    "currentPrice": "current price $6.73",
    "pricePerOz": "64.1 ¢/oz",
    "pickup": "Shipping, arrives tomorrow",
    "delivery": "N/A",
    "shipping": "N/A"
  },
  {
    "ioId": "2S0WN5W9HU0W",
    "linkIdentifier": "5782270363",
    "text": "6 Pack of Trader Joes Everything but the Bagel Seasoned Crackers| 10 Ounce a Pack",
    "href": "/ip/6-Pack-of-Trader-Joe-s-Everything-but-the-Bagel-Seasoned-Crackers-10-Ounce-a-Pack/5782270363?classType=VARIANT",
    "currentPrice": "current price $37.99",
    "pricePerOz": "N/A",
    "pickup": "Free shipping, arrives in 3+ days",
    "delivery": "N/A",
    "shipping": "N/A"
  },
  {
    "ioId": "3OH6B6LTEUHK",
    "linkIdentifier": "410238469",
    "text": "Lance Toast Chee Peanut Butter Crackers (40 ct.)",
    "href": "/ip/Lance-Toast-Chee-Peanut-Butter-Crackers-40-ct/410238469?classType=REGULAR",
    "currentPrice": "current price $14.99",
    "pricePerOz": "N/A",
    "pickup": "Free shipping, arrives in 3+ days",
    "delivery": "N/A",
    "shipping": "N/A"
  },
  {
    "ioId": "6Y19KLH7PVHL",
    "linkIdentifier": "146171120",
    "text": "Lance Sandwich Crackers, Toasty Peanut Butter, 40 Ct",
    "href": "/ip/Lance-Sandwich-Crackers-Toasty-Peanut-Butter-40-Ct/146171120?classType=REGULAR",
    "currentPrice": "current price Now $13.00",
    "pricePerOz": "$17.20",
    "pickup": "Shipping, arrives in 2 days",
    "delivery": "N/A",
    "shipping": "N/A"
  },
  {
    "ioId": "5RW3UAMPS8ZR",
    "linkIdentifier": "11837203384",
    "text": "Kellogg's Graham Crackers Original 15 oz (Pack of 5)",
    "href": "/ip/Keebler-Graham-Crackers-Original-Pack-of-5/11837203384?classType=VARIANT",
    "currentPrice": "current price $38.70",
    "pricePerOz": "N/A",
    "pickup": "Free shipping, arrives in 3+ days",
    "delivery": "N/A",
    "shipping": "N/A"
  },
  {
    "ioId": "11MO0GWWP5O9",
    "linkIdentifier": "33326485",
    "text": "Goya Maria Crackers 7 oz",
    "href": "/ip/Cracker-Maria-Pack-of-24/33326485?classType=VARIANT",
    "currentPrice": "current price $1.28",
    "pricePerOz": "18.3 ¢/oz",
    "pickup": "Pickup today",
    "delivery": "Delivery today",
    "shipping": "N/A"
  },
  {
    "ioId": "4PWK1ETFYZXY",
    "linkIdentifier": "8618212342",
    "text": "Rustic Bakery Cherry Cacao Nib Crisps 5 oz (Pack Of 12)",
    "href": "/ip/Rustic-Bakery-Cherry-Cacao-Nib-Crisps-5-oz-Pack-Of-12/8618212342?classType=VARIANT",
    "currentPrice": "current price $105.98",
    "pricePerOz": "N/A",
    "pickup": "Free shipping, arrives in 3+ days",
    "delivery": "N/A",
    "shipping": "N/A"
  },
  {
    "ioId": "564257S53S9Y",
    "linkIdentifier": "1702867582",
    "text": "Toasteds Rosemary & Olive Oil Crackers, Party Snacks, 8 oz",
    "href": "/ip/Toasteds-Rosemary-and-Olive-Oil-Crackers-Party-Snacks-8-oz/1702867582?classType=VARIANT",
    "currentPrice": "current price $11.20",
    "pricePerOz": "$1.40/oz",
    "pickup": "Shipping, arrives in 2 days",
    "delivery": "N/A",
    "shipping": "N/A"
  },
  {
    "ioId": "183JL0I9QJDX",
    "linkIdentifier": "5023421930",
    "text": "Club Minis Parmesan Garlic Mini Crackers, Lunch Snacks, 11 oz",
    "href": "/ip/Club-Minis-Parmesan-Garlic-Mini-Crackers-Lunch-Snacks-11-oz/5023421930?classType=REGULAR",
    "currentPrice": "current price $10.59",
    "pricePerOz": "96.3 ¢/oz",
    "pickup": "Shipping, arrives in 2 days",
    "delivery": "N/A",
    "shipping": "N/A"
  },
  {
    "ioId": "5VGAAQPMMVJF",
    "linkIdentifier": "668991432",
    "text": "Cheez-It Extra Toasty Cheese Crackers, Baked Snack Crackers, 12 Count",
    "href": "/ip/Cheez-It-Extra-Toasty-Cheese-Crackers-Baked-Snack-Crackers-12-Count/668991432?classType=VARIANT",
    "currentPrice": "current price $14.57",
    "pricePerOz": "$1.21/oz",
    "pickup": "Free shipping, arrives in 3+ days",
    "delivery": "N/A",
    "shipping": "N/A"
  },
  {
    "ioId": "5R1CDSQ8SDLW",
    "linkIdentifier": "14519264363",
    "text": "Mary's Gone Crackers Organic Original Crackers.Pack Of 1",
    "href": "/ip/Mary-s-Gone-Crackers-Organic-Original-Crackers-Pack-Of-1/14519264363?classType=REGULAR",
    "currentPrice": "current price $4.56",
    "pricePerOz": "N/A",
    "pickup": "N/A",
    "delivery": "N/A",
    "shipping": "N/A"
  },
  {
    "ioId": "138ES2OYOVG8",
    "linkIdentifier": "14502458824",
    "text": "Simple Mills Almond Flour Crackers, Fine Ground Pack Of 1 Sea Salt, Gluten-Free.",
    "href": "/ip/Simple-Mills-Almond-Flour-Crackers-Fine-Ground-Pack-Of-1-Sea-Salt-Gluten-Free/14502458824?classType=undefined",
    "currentPrice": "N/A",
    "pricePerOz": "N/A",
    "pickup": "N/A",
    "delivery": "N/A",
    "shipping": "N/A"
  },
  {
    "ioId": "4PYV61FL1SUX",
    "linkIdentifier": "5321095865",
    "text": "Craize Coconut Crisps | SE33Gluten Free, Vegan, Kosher, Toasted Corn Crackers | 6 pack, 4 oz each",
    "href": "/ip/Craize-Coconut-Crisps-SE33-nbsp-Gluten-Free-Vegan-Kosher-Toasted-Corn-Crackers-6-pack-4-oz-each/5321095865?classType=undefined",
    "currentPrice": "N/A",
    "pricePerOz": "N/A",
    "pickup": "N/A",
    "delivery": "N/A",
    "shipping": "N/A"
  },
  {
    "ioId": "6NFB90048RC6",
    "linkIdentifier": "10363354574",
    "text": "Pepperidge Farm Goldfish Colors Cheddar - 10.8oz/12ct",
    "href": "/ip/Pepperidge-Farm-Goldfish-Colors-Cheddar-10-8oz-12ct/10363354574?classType=REGULAR",
    "currentPrice": "current price $11.99",
    "pricePerOz": "N/A",
    "pickup": "N/A",
    "delivery": "N/A",
    "shipping": "N/A"
  },
  {
    "ioId": "2W8H99QE1APH",
    "linkIdentifier": "13553153814",
    "text": "Rustic Bakery Handmade Sourdough YPF5Flatbread - Olive Oil & Sel Sea Salt Charcuterie Crackers - Artisan Crackers for Cheese Platter or Snacking - Made in California - Pack of 4, 6 Oz Trays",
    "href": "/ip/Rustic-Bakery-Handmade-Sourdough-YPF5-nbsp-Flatbread-Olive-Oil-Sel-Sea-Salt-Charcuterie-Crackers-Artisan-Cheese-Platter-Snacking-Made-California-Pack/13553153814?classType=REGULAR",
    "currentPrice": "N/A",
    "pricePerOz": "N/A",
    "pickup": "Free shipping, arrives in 3+ days",
    "delivery": "N/A",
    "shipping": "N/A"
  },
  {
    "ioId": "2ZX0R81XC7C3",
    "linkIdentifier": "10109211635",
    "text": "Asturi Rosemary & Olive Oil Bruschettini (Snack Size Italian Bruschetta Toasts), Buy TWELVE Bags and SAVE, Each Bag is 4.2...",
    "href": "/ip/Asturi-Rosemary-Olive-Oil-Bruschettini-Snack-Size-Italian-Bruschetta-Toasts-Buy-TWELVE-Bags-and-SAVE-Each-Bag-is-4-2/10109211635?classType=REGULAR",
    "currentPrice": "current price $53.81",
    "pricePerOz": "N/A",
    "pickup": "Free shipping, arrives in 3+ days",
    "delivery": "N/A",
    "shipping": "N/A"
  },
  {
    "ioId": "0UWOZQG5R6IO",
    "linkIdentifier": "910968315",
    "text": "Nabisco Original Premium Saltine Crackers, Top with Sea Salt, 12 Pk,",
    "href": "/ip/Premium-Original-Saltine-Crackers-12-pk/910968315?classType=REGULAR",
    "currentPrice": "N/A",
    "pricePerOz": "N/A",
    "pickup": "Free shipping, arrives in 3+ days",
    "delivery": "N/A",
    "shipping": "N/A"
  },
  {
    "ioId": "4TNJCGDGGFPI",
    "linkIdentifier": "421266256",
    "text": "Goldfish Disney Princess Cheddar Crackers, Snack Crackers, 6.6 oz Bag",
    "href": "/ip/Goldfish-Disney-Princess-Cheddar-Crackers-Snack-Crackers-6-6-oz-Bag/421266256?classType=REGULAR",
    "currentPrice": "current price $3.87",
    "pricePerOz": "58.6 ¢/oz",
    "pickup": "Shipping, arrives in 3+ days",
    "delivery": "N/A",
    "shipping": "N/A"
  },
  {
    "ioId": "68ZR4DFCGQGW",
    "linkIdentifier": "2617405353",
    "text": "Firehook - Crackers Everything - Case of 8-5.5 OZ",
    "href": "/ip/Firehook-Crackers-Everything-Case-of-8-5-5-OZ/2617405353?classType=VARIANT",
    "currentPrice": "current price $54.18",
    "pricePerOz": "N/A",
    "pickup": "Free shipping, arrives in 2 days",
    "delivery": "N/A",
    "shipping": "N/A"
  },
  {
    "ioId": "2ZJJ64SB55IG",
    "linkIdentifier": "5749171124",
    "text": "bettergoods Almond Flour Balsamic Vinegar Crackers, 3.5 oz",
    "href": "/ip/bettergoods-Balsamic-Vinegar-Crackers/5749171124?classType=VARIANT",
    "currentPrice": "current price $2.97",
    "pricePerOz": "84.9 ¢/oz",
    "pickup": "Shipping, arrives tomorrow",
    "delivery": "N/A",
    "shipping": "N/A"
  },
  {
    "ioId": "2P62S3J463GO",
    "linkIdentifier": "13552953005",
    "text": "HAITAI ACE Crackers Espresso 291g HYZ01",
    "href": "/ip/HAITAI-ACE-Crackers-Espresso-AIF4-nbsp-291g/13552953005?classType=REGULAR",
    "currentPrice": "current price $14.99",
    "pricePerOz": "N/A",
    "pickup": "Free shipping, arrives in 3+ days",
    "delivery": "N/A",
    "shipping": "N/A"
  },
  {
    "ioId": "2BJT6CSPE4C8",
    "linkIdentifier": "5185395687",
    "text": "Breton Multigrain Crackers, 7.3 Ounce (Pack of 3)",
    "href": "/ip/Breton-Multigrain-Crackers-7-3-Ounce-Pack-of-3/5185395687?classType=REGULAR",
    "currentPrice": "N/A",
    "pricePerOz": "N/A",
    "pickup": "Free shipping, arrives in 3+ days",
    "delivery": "N/A",
    "shipping": "N/A"
  },
  {
    "ioId": "3PZQ2JFG2HV9",
    "linkIdentifier": "52196241",
    "text": "Stauffer's Whales Cheddar Cheese Crackers, 1.5 oz, 12 Count",
    "href": "/ip/Stauffer-s-Whales-Cheddar-Cheese-Crackers-1-5-oz-12-Count/52196241?classType=REGULAR",
    "currentPrice": "N/A",
    "pricePerOz": "N/A",
    "pickup": "Free shipping, arrives in 3+ days",
    "delivery": "N/A",
    "shipping": "N/A"
  },
  {
    "ioId": "4ZZ9CPJ004C4",
    "linkIdentifier": "177195305",
    "text": "Pepperidge Farm Goldfish Crackers, Cheddar, 30-oz. Carton",
    "href": "/ip/Pepperidge-Farm-Goldfish-Crackers-Cheddar-30-oz-Carton/177195305?classType=REGULAR",
    "currentPrice": "current price $19.99",
    "pricePerOz": "64.5 ¢/oz",
    "pickup": "Free shipping, arrives in 3+ days",
    "delivery": "N/A",
    "shipping": "N/A"
  },
  {
    "ioId": "3RX3Z0O6CDHL",
    "linkIdentifier": "11532453848",
    "text": "Pack of 1 Trader Joe's Gluten Fee Norwegian Crispbread | 7.55 oz",
    "href": "/ip/Pack-of-1-Trader-Joe-s-Gluten-Fee-Norwegian-Crispbread-7-55-oz/11532453848?classType=VARIANT",
    "currentPrice": "current price Now $6.11",
    "pricePerOz": "$12.99",
    "pickup": "Shipping, arrives in 3+ days",
    "delivery": "N/A",
    "shipping": "N/A"
  },
  {
    "ioId": "17V745SUJO8H",
    "linkIdentifier": "400525012",
    "text": "Annie's Organic Bunny Grahams Birthday Cake 7.5 oz Pack of 2",
    "href": "/ip/Annie-s-Organic-Bunny-Grahams-Birthday-Cake-7-5-oz-Pack-of-2/400525012?classType=REGULAR",
    "currentPrice": "current price $12.30",
    "pricePerOz": "+$4.99 shipping",
    "pickup": "Shipping, arrives in 3+ days",
    "delivery": "N/A",
    "shipping": "N/A"
  },
  {
    "ioId": "6OSNIZURDH48",
    "linkIdentifier": "5257239703",
    "text": "Le Pain des Fleurs Crispbread, Chestnut, 4.4 Ounce",
    "href": "/ip/Le-Pain-des-Fleurs-Crispbread-Chestnut-4-4-Ounce/5257239703?classType=REGULAR",
    "currentPrice": "current price $12.99",
    "pricePerOz": "N/A",
    "pickup": "Shipping, arrives in 2 days",
    "delivery": "N/A",
    "shipping": "N/A"
  },
  {
    "ioId": "586RTCAUOGD8",
    "linkIdentifier": "727458550",
    "text": "Ritz Bits Cheese And Ritz Bits Peanut Butter Cracker Sandwiches Variety Pack, 20 Snack Packs",
    "href": "/ip/RITZ-Bits-Cheese-and-RITZ-Bits-Peanut-Butter-Cracker-Sandwiches-Variety-Pack-20-Snack-Packs/727458550?classType=REGULAR",
    "currentPrice": "current price $9.86",
    "pricePerOz": "49.3 ¢/oz",
    "pickup": "Shipping, arrives tomorrow",
    "delivery": "N/A",
    "shipping": "N/A"
  },
  {
    "ioId": "6N5RKA4282H3",
    "linkIdentifier": "157517319",
    "text": "MaryS Gone Crackers Super Seed, Everything, 5.5 Oz, Pack Of 6",
    "href": "/ip/Mary-s-Gone-Crackers-Organic-Super-Seed-Everything-Crackers-5-5-oz/157517319?classType=VARIANT",
    "currentPrice": "current price $4.92",
    "pricePerOz": "89.5 ¢/oz",
    "pickup": "Pickup today",
    "delivery": "Delivery today",
    "shipping": "Shipping, arrives tomorrow"
  },
  {
    "ioId": "2FV8E0XQOUTT",
    "linkIdentifier": "33318159",
    "text": "Glutino Gluten Free Original Table Crackers, 7 oz.",
    "href": "/ip/Glutino-Gluten-Free-Table-Crackers-7-oz-Pack-of-12/33318159?classType=REGULAR",
    "currentPrice": "N/A",
    "pricePerOz": "N/A",
    "pickup": "Free shipping, arrives in 3+ days",
    "delivery": "N/A",
    "shipping": "N/A"
  },
  {
    "ioId": "5RLNNV8ST7O9",
    "linkIdentifier": "481532700",
    "text": "Jacob's Cream Crackers. 200g Pack (Pack of 6)",
    "href": "/ip/Jacob-s-Cream-Crackers-200g-Pack-Pack-of-6/481532700?classType=REGULAR",
    "currentPrice": "current price $17.95",
    "pricePerOz": "+$10.95 shipping",
    "pickup": "Shipping, arrives in 3+ days",
    "delivery": "N/A",
    "shipping": "N/A"
  },
  {
    "ioId": "22GCJWDALX5T",
    "linkIdentifier": "674516174",
    "text": "Sherman's Tennessee Hot Crackers, Original Flavor. 3 pack. (6oz each), Spicy Snack Crackers.",
    "href": "/ip/Sherman-s-Tennessee-Hot-Crackers-Original-Flavor-3-pack-6oz-each-Spicy-Snack-Crackers/674516174?classType=REGULAR",
    "currentPrice": "current price $26.99",
    "pricePerOz": "N/A",
    "pickup": "Free shipping, arrives in 3+ days",
    "delivery": "N/A",
    "shipping": "N/A"
  },
  {
    "ioId": "228X7FG306R0",
    "linkIdentifier": "835377368",
    "text": "Triscuit Rosemary & Olive Oil Whole Grain Wheat Crackers, 8.5 oz",
    "href": "/ip/Triscuit-Rosemary-Olive-Oil-Whole-Grain-Wheat-Crackers-8-5-oz/835377368?classType=VARIANT",
    "currentPrice": "current price $3.78",
    "pricePerOz": "44.5 ¢/oz",
    "pickup": "Pickup today",
    "delivery": "Delivery today",
    "shipping": "N/A"
  },
  {
    "ioId": "1C9K99C6XXM7",
    "linkIdentifier": "5737800101",
    "text": "Club Minis Original Mini Crackers, Lunch Snacks, 12 Count",
    "href": "/ip/Club-Minis-Original-Mini-Crackers-Lunch-Snacks-12-Count/5737800101?classType=VARIANT",
    "currentPrice": "current price $6.52",
    "pricePerOz": "54.3 ¢/oz",
    "pickup": "Shipping, arrives tomorrow",
    "delivery": "N/A",
    "shipping": "N/A"
  },
  {
    "ioId": "40I9IO5X2K5E",
    "linkIdentifier": "654806158",
    "text": "Finn Crisp, Caraway Thin Crispbread, 7 oz (pack of 1)",
    "href": "/ip/Finn-Crisp-Caraway-Thin-Crispbread-7-oz-pack-of-1/654806158?classType=REGULAR",
    "currentPrice": "N/A",
    "pricePerOz": "N/A",
    "pickup": "Free shipping, arrives in 3+ days",
    "delivery": "N/A",
    "shipping": "N/A"
  },
  {
    "ioId": "517110IUJS4L",
    "linkIdentifier": "10291268",
    "text": "Wasa Multi Grain Crispbread, Multigrain Crackers, Non-GMO Ingredients, Fat Free, 9.7 oz",
    "href": "/ip/Wasa-Multi-Grain-Crispbread-Display-12pk/10291268?classType=VARIANT",
    "currentPrice": "current price $3.82",
    "pricePerOz": "39.4 ¢/oz",
    "pickup": "Pickup today",
    "delivery": "Delivery today",
    "shipping": "Shipping, arrives tomorrow"
  },
  {
    "ioId": "0UIX6LQRB9RY",
    "linkIdentifier": "10315952",
    "text": "Great Value Honey Graham Crackers, 14.4 oz, 8 Count",
    "href": "/ip/Great-Value-Honey-Graham-Crackers-14-4-oz/10315952?classType=VARIANT",
    "currentPrice": "current price $2.44",
    "pricePerOz": "16.9 ¢/oz",
    "pickup": "Pickup today",
    "delivery": "Delivery today",
    "shipping": "N/A"
  },
  {
    "ioId": "3L1RU0MO7Y7C",
    "linkIdentifier": "433949448",
    "text": "Premium Saltine Crackers with Whole Grain Wheat, 1.06 lb",
    "href": "/ip/Premium-17z-Premiuim-Whole-Grain-12/433949448?classType=VARIANT",
    "currentPrice": "N/A",
    "pricePerOz": "N/A",
    "pickup": "Free shipping, arrives in 3+ days",
    "delivery": "N/A",
    "shipping": "N/A"
  },
  {
    "ioId": "356WEOLN2GLV",
    "linkIdentifier": "14609555479",
    "text": "( 2 Pack ) Blue Diamond Pecan Nut Thins 4.25 Oz Box",
    "href": "/ip/2-Pack-Blue-Diamond-Pecan-Nut-Thins-4-25-Oz-Box/14609555479?classType=REGULAR",
    "currentPrice": "N/A",
    "pricePerOz": "N/A",
    "pickup": "Free shipping, arrives in 2 days",
    "delivery": "N/A",
    "shipping": "N/A"
  },
  {
    "ioId": "3O017IHIXIG3",
    "linkIdentifier": "119572015",
    "text": "Breton/Dare - Crackers - Original with Flax - Case of 6 - 4.76 oz.",
    "href": "/ip/Breton-Dare-Crackers-Original-with-Flax-Case-of-6-4-76-oz/119572015?classType=REGULAR",
    "currentPrice": "N/A",
    "pricePerOz": "N/A",
    "pickup": "Free shipping, arrives in 3+ days",
    "delivery": "N/A",
    "shipping": "N/A"
  },
  {
    "ioId": "69WI6YO54IO3",
    "linkIdentifier": "192278574",
    "text": "Honey Maid Graham Crackers",
    "href": "/ip/Honey-Maid-Graham-Crackers/192278574?classType=REGULAR",
    "currentPrice": "current price $12.99",
    "pricePerOz": "N/A",
    "pickup": "Free shipping, arrives in 3+ days",
    "delivery": "N/A",
    "shipping": "N/A"
  },
  {
    "ioId": "2FXN37RDBWRC",
    "linkIdentifier": "905144824",
    "text": "Lance ToastChee Peanut Butter Crackers (1.52 oz., 40 ct.)",
    "href": "/ip/Lance-ToastChee-Peanut-Butter-Crackers-1-52-oz-40-ct/905144824?classType=REGULAR",
    "currentPrice": "current price Now $14.95",
    "pricePerOz": "$22.49",
    "pickup": "Free shipping, arrives in 3+ days",
    "delivery": "N/A",
    "shipping": "N/A"
  },
  {
    "ioId": "293KWY7OZJDE",
    "linkIdentifier": "3485896122",
    "text": "Goldfish Cheddar Cheese Crackers, 27.3 oz Carton",
    "href": "/ip/Goldfish-Cheddar-Cheese-Crackers-27-3-oz-Carton/3485896122?classType=REGULAR&athbdg=L1600",
    "currentPrice": "current price Now $7.97",
    "pricePerOz": "$8.98",
    "pickup": "Pickup today",
    "delivery": "Delivery today",
    "shipping": "Shipping, arrives tomorrow"
  },
  {
    "ioId": "343EUUZXATO8",
    "linkIdentifier": "1962673863",
    "text": "Quaker Rice Crisps Buffalo Ranch 3.03 Oz",
    "href": "/ip/Quaker-Rice-Crisps-Buffalo-Ranch-3-03oz/1962673863?classType=REGULAR",
    "currentPrice": "current price Now $0.59",
    "pricePerOz": "$5.59",
    "pickup": "Shipping, arrives in 3+ days",
    "delivery": "N/A",
    "shipping": "N/A"
  },
  {
    "ioId": "64LQ6R0EJ28X",
    "linkIdentifier": "919164442",
    "text": "Jacobs Cream Crackers 200g x 2",
    "href": "/ip/Jacobs-Cream-Crackers-200g-x-2/919164442?classType=REGULAR",
    "currentPrice": "current price $16.00",
    "pricePerOz": "N/A",
    "pickup": "Free shipping, arrives in 3+ days",
    "delivery": "N/A",
    "shipping": "N/A"
  },
  {
    "ioId": "3VRAG8S5PJGH",
    "linkIdentifier": "126560144",
    "text": "Crispy French Waffle Crackers by Tresors Gourmands - Sea Salt Flavor - 3 Pack - These Little Bite Sized French Waffle Crackers Might Be The Perfect Flavor-Filled Savory Waffle-Style Crackers!",
    "href": "/ip/Crispy-French-Waffle-Crackers-Tresors-Gourmands-Sea-Salt-Flavor-3-Pack-These-Little-Bite-Sized-Might-Be-The-Perfect-Flavor-Filled-Savory-Waffle-Style/126560144?classType=REGULAR",
    "currentPrice": "current price $47.99",
    "pricePerOz": "N/A",
    "pickup": "Free shipping, arrives in 3+ days",
    "delivery": "N/A",
    "shipping": "N/A"
  },
  {
    "ioId": "1O1OWWLHE1YS",
    "linkIdentifier": "985007935",
    "text": "Manischewitz Matzo Farfel, 14oz Resealable Canister, Sodium Free, No Artificial Colors or Flavors, Non GMO, Kosher For Passover & Year Round",
    "href": "/ip/Manischewitz-Matzo-Farfel-14oz-Resealable-Canister-Sodium-Free-No-Artificial-Colors-or-Flavors-Non-GMO-Kosher-For-Passover-Year-Round/985007935?classType=REGULAR",
    "currentPrice": "current price $8.99",
    "pricePerOz": "N/A",
    "pickup": "Shipping, arrives tomorrow",
    "delivery": "N/A",
    "shipping": "N/A"
  },
  {
    "ioId": "4OMCEDGMLO3N",
    "linkIdentifier": "5228673058",
    "text": "(3 pack) RITZ Hint of Salt Crackers, 13.7 oz",
    "href": "/ip/RITZ-Hint-of-Salt-Crackers-13-7-oz/5228673058?classType=REGULAR&athbdg=L1300",
    "currentPrice": "current price $10.38",
    "pricePerOz": "25.3 ¢/oz",
    "pickup": "Pickup today",
    "delivery": "Delivery today",
    "shipping": "Shipping, arrives tomorrow"
  },
  {
    "ioId": "56CENXNWF12T",
    "linkIdentifier": "29188104",
    "text": "Lance Sandwich Crackers, Toasty Peanut Butter, 8 Individually Wrapped Packs, 6 Sandwiches Each",
    "href": "/ip/Lance-Sandwich-Crackers-Toasty-Peanut-Butter-8-Individually-Wrapped-Packs-6-Sandwiches-Each/29188104?classType=REGULAR",
    "currentPrice": "current price $6.99",
    "pricePerOz": "67.9 ¢/oz",
    "pickup": "Free shipping, arrives in 3+ days",
    "delivery": "N/A",
    "shipping": "N/A"
  },
  {
    "ioId": "5EN5K82VYO20",
    "linkIdentifier": "697833434",
    "text": "Shirley Ginger Biscuit 8pk",
    "href": "/ip/Shirley-Biscuit/697833434?classType=VARIANT",
    "currentPrice": "current price $12.00",
    "pricePerOz": "$9.23/oz",
    "pickup": "Free shipping, arrives in 3+ days",
    "delivery": "N/A",
    "shipping": "N/A"
  },
  {
    "ioId": "78FNAK80U8TF",
    "linkIdentifier": "5590729569",
    "text": "Sigdal Bakeri Herbs and Sea Salt, Wholegrain Crispbread, 8.29oz (Pack of 2)",
    "href": "/ip/Sigdal-Bakeri-Herbs-and-Sea-Salt-Wholegrain-Crispbread-8-29oz-Pack-of-2/5590729569?classType=undefined",
    "currentPrice": "N/A",
    "pricePerOz": "N/A",
    "pickup": "N/A",
    "delivery": "N/A",
    "shipping": "N/A"
  },
  {
    "ioId": "20CBSWSMLGEQ",
    "linkIdentifier": "591863272",
    "text": "Manishewitz Egg Matzo 12oz 3 Pack Kosher Not For Passover, Thin, Crisp & Light Texture, Sodium Free, No Artificial Flavors, Colors or Ingredients,",
    "href": "/ip/Manishewitz-Egg-Matzo-12oz-3-Pack-Kosher-Not-For-Passover-Thin-Crisp-Light-Texture-Sodium-Free-No-Artificial-Flavors-Colors-or-Ingredients/591863272?classType=REGULAR",
    "currentPrice": "current price $19.24",
    "pricePerOz": "N/A",
    "pickup": "N/A",
    "delivery": "N/A",
    "shipping": "N/A"
  },
  {
    "ioId": "6YPQ0OEZ5CO4",
    "linkIdentifier": "199279857",
    "text": "RITZ Crisp and Thins Salt and Vinegar Chips, 7.1 oz",
    "href": "/ip/RITZ-Crisp-and-Thins-Salt-and-Vinegar-Chips-7-1-oz/199279857?classType=VARIANT",
    "currentPrice": "N/A",
    "pricePerOz": "N/A",
    "pickup": "Free shipping, arrives in 3+ days",
    "delivery": "N/A",
    "shipping": "N/A"
  },
  {
    "ioId": "2GPHFM93KHJP",
    "linkIdentifier": "5033343301",
    "text": "Triscuit Original Whole Grain Wheat Crackers, Vegan Crackers, Healthy Snacks, Party Size, 17 oz",
    "href": "/ip/Triscuit-Original-Whole-Grain-Wheat-Crackers-Vegan-Crackers-Party-Size-17-oz/5033343301?classType=REGULAR",
    "currentPrice": "current price $6.28",
    "pricePerOz": "36.9 ¢/oz",
    "pickup": "Shipping, arrives tomorrow",
    "delivery": "N/A",
    "shipping": "N/A"
  },
  {
    "ioId": "19WWR6MHTRJT",
    "linkIdentifier": "47133225",
    "text": "Stacy's Simply Naked Baked Pita Snack Chips, 7.33 oz Bag",
    "href": "/ip/Stacy-s-Simply-Naked-Baked-Pita-Snack-Chips-7-33-oz-Bag/47133225?classType=REGULAR",
    "currentPrice": "current price $3.98",
    "pricePerOz": "54.5 ¢/oz",
    "pickup": "Pickup today",
    "delivery": "Delivery today",
    "shipping": "N/A"
  },
  {
    "ioId": "5576YRMAYBZD",
    "linkIdentifier": "933086046",
    "text": "Annie's Cheesy Cheddar Crackers With Organic Hidden Veggies, 7.5 oz",
    "href": "/ip/Annie-s-Cheesy-Cheddar-Crackers-With-Organic-Hidden-Veggies-7-5-oz/933086046?classType=REGULAR",
    "currentPrice": "current price $9.64",
    "pricePerOz": "N/A",
    "pickup": "Free shipping, arrives in 3+ days",
    "delivery": "N/A",
    "shipping": "N/A"
  },
  {
    "ioId": "497YWX59W5V6",
    "linkIdentifier": "962813478",
    "text": "Kellogg's Variety Pack Sweet and Salty, Lunch Snacks, 30 Count",
    "href": "/ip/Kellogg-s-Variety-Pack-Sweet-and-Salty-Lunch-Snacks-30-Count/962813478?classType=REGULAR",
    "currentPrice": "current price $23.98",
    "pricePerOz": "85.6 ¢/oz",
    "pickup": "Free shipping, arrives in 3+ days",
    "delivery": "N/A",
    "shipping": "N/A"
  },
  {
    "ioId": "1ULXT8IGNH8N",
    "linkIdentifier": "5538554189",
    "text": "2x Chocolate Animal Crackers 20 oz Bag FREE SHIPPING - 2 PACK",
    "href": "/ip/2x-Chocolate-Animal-Crackers-20-oz-Bag-FREE-SHIPPING-2-PACK/5538554189?classType=REGULAR",
    "currentPrice": "current price $60.54",
    "pricePerOz": "N/A",
    "pickup": "Free shipping, arrives in 3+ days",
    "delivery": "N/A",
    "shipping": "N/A"
  },
  {
    "ioId": "65T21RWO5DVS",
    "linkIdentifier": "8596622425",
    "text": "Olinas Bakehouse Seeded Fig & Almond Crisps 5.3 oz (Pack Of 12)",
    "href": "/ip/Olinas-Bakehouse-Seeded-Fig-Almond-Crisps-5-3-oz-Pack-Of-12/8596622425?classType=VARIANT",
    "currentPrice": "current price $89.98",
    "pricePerOz": "N/A",
    "pickup": "Free shipping, arrives in 3+ days",
    "delivery": "N/A",
    "shipping": "N/A"
  },
  {
    "ioId": "4G4L3UUD54K3",
    "linkIdentifier": "12309817135",
    "text": "Goldfish Crackers,1PAK Colors Crackers, Family Size, 10 oz Bag",
    "href": "/ip/Goldfish-1PACK-Crackers-Colors-Crackers-Family-Size/12309817135?classType=REGULAR",
    "currentPrice": "current price $2.63",
    "pricePerOz": "+$10.49 shipping",
    "pickup": "Shipping, arrives in 3+ days",
    "delivery": "N/A",
    "shipping": "N/A"
  },
  {
    "ioId": "2P64DMFA1RA4",
    "linkIdentifier": "37481733",
    "text": "Cheez-It Original Cheese Crackers, Baked Snack Crackers, 20 Count",
    "href": "/ip/Cheez-It-Original-Cheese-Crackers-Baked-Snack-Crackers-20-Count/37481733?classType=VARIANT",
    "currentPrice": "current price $9.86",
    "pricePerOz": "49.3 ¢/oz",
    "pickup": "Pickup today",
    "delivery": "Delivery today",
    "shipping": "Shipping, arrives tomorrow"
  },
  {
    "ioId": "27SBEKKPWO6N",
    "linkIdentifier": "5218088675",
    "text": "(3 pack) Chicken in a Biskit Original Baked Snack Crackers, Family Size, 12 oz",
    "href": "/ip/Chicken-in-a-Biskit-Original-Baked-Snack-Crackers-Family-Size-12-oz/5218088675?classType=REGULAR",
    "currentPrice": "current price $14.94",
    "pricePerOz": "41.5 ¢/oz",
    "pickup": "Pickup today",
    "delivery": "Delivery today",
    "shipping": "Shipping, arrives tomorrow"
  },
  {
    "ioId": "6WIVVTY1CYW4",
    "linkIdentifier": "12443967",
    "text": "Carr's Roasted Garlic and Herbs Table Water Crackers, Baked Snack Crackers, 4.5 oz",
    "href": "/ip/Carr-39-s-Table-Water-Crackers-414-Oz/12443967?classType=REGULAR",
    "currentPrice": "current price $5.39",
    "pricePerOz": "$1.27/oz",
    "pickup": "Shipping, arrives in 3+ days",
    "delivery": "N/A",
    "shipping": "N/A"
  },
  {
    "ioId": "0US8VYSF33DH",
    "linkIdentifier": "5066386635",
    "text": "RITZ Peanut Butter Sandwich Crackers, 30 Snack Packs (4 Crackers Per Pack)",
    "href": "/ip/RITZ-Peanut-Butter-Sandwich-Crackers-30-Snack-Packs-4-Crackers-Per-Pack/5066386635?classType=REGULAR",
    "currentPrice": "current price $8.98",
    "pricePerOz": "32.2 ¢/oz",
    "pickup": "Pickup today",
    "delivery": "Delivery today",
    "shipping": "Shipping, arrives tomorrow"
  },
  {
    "ioId": "2Q9L57G84X0T",
    "linkIdentifier": "201773263",
    "text": "Yehuda Matzo Squares Gluten-Free 10.5 Ounce Pack of 3",
    "href": "/ip/Yehuda-Matzo-Squares-Gluten-Free-10-5-Ounce-Pack-of-3/201773263?classType=REGULAR",
    "currentPrice": "current price $24.99",
    "pricePerOz": "N/A",
    "pickup": "Shipping, arrives in 2 days",
    "delivery": "N/A",
    "shipping": "N/A"
  },
  {
    "ioId": "3SCET2TAXE4W",
    "linkIdentifier": "902615910",
    "text": "Stacy's Pita Chips Parmesan Garlic and Herb Flavored Pita Snack Chips, 7.33 oz Bag",
    "href": "/ip/Stacy-s-Pita-Chips-Parmesan-Garlic-and-Herb-Flavored-Pita-Snack-Chips-7-33-oz-Bag/902615910?classType=REGULAR",
    "currentPrice": "current price $3.98",
    "pricePerOz": "54.5 ¢/oz",
    "pickup": "Pickup today",
    "delivery": "Delivery today",
    "shipping": "N/A"
  },
  {
    "ioId": "43G3EB4GO1M1",
    "linkIdentifier": "11525601932",
    "text": "Trader Joe's Fig & Olive Snack Crackers, 5.3oz, 2-Pack",
    "href": "/ip/Trader-Joe-s-Fig-Olive-Crisps-5-3oz-Pack-2/11525601932?classType=VARIANT",
    "currentPrice": "current price $16.49",
    "pricePerOz": "+$5.49 shipping",
    "pickup": "Shipping, arrives in 3+ days",
    "delivery": "N/A",
    "shipping": "N/A"
  },
  {
    "ioId": "5527311A0DYU",
    "linkIdentifier": "450772176",
    "text": "Manischewitz All Natural Gluten-Free Matzo Style Squares, 10 Ounce 3 Pack",
    "href": "/ip/Manischewitz-All-Natural-Gluten-Free-Matzo-Style-Squares-10-Ounce-3-Pack/450772176?classType=REGULAR",
    "currentPrice": "current price Now $19.78",
    "pricePerOz": "$29.94",
    "pickup": "Shipping, arrives in 2 days",
    "delivery": "N/A",
    "shipping": "N/A"
  },
  {
    "ioId": "6V60Q3OI3Q9Y",
    "linkIdentifier": "5101981022",
    "text": "Handi-Snacks RITZ Crackers 'N Cheesy Dip Snack Packs, 20 Snack Packs",
    "href": "/ip/Handi-Snacks-RITZ-Crackers-N-Cheesy-Dip-Snack-Packs-20-Snack-Packs/5101981022?classType=REGULAR",
    "currentPrice": "current price $12.48",
    "pricePerOz": "65.7 ¢/oz",
    "pickup": "Pickup today",
    "delivery": "Delivery today",
    "shipping": "Shipping, arrives tomorrow"
  },
  {
    "ioId": "7EX7OY54A26R",
    "linkIdentifier": "5059676699",
    "text": "Handi-Snacks RITZ Crackers 'N Cheesy Dip Snack Packs, 10 Snack Packs",
    "href": "/ip/Handi-Snacks-RITZ-Crackers-N-Cheesy-Dip-Snack-Packs-10-Snack-Packs/5059676699?classType=REGULAR&athbdg=L1600",
    "currentPrice": "current price $6.98",
    "pricePerOz": "73.5 ¢/oz",
    "pickup": "Pickup today",
    "delivery": "Delivery today",
    "shipping": "Shipping, arrives tomorrow"
  },
  {
    "ioId": "618KSOI0LVNO",
    "linkIdentifier": "981024841",
    "text": "Want Want Senbei Original Rice Crackers, 3.2Oz/92g (Pack of 4)",
    "href": "/ip/Want-Want-Senbei-Original-Rice-Crackers-3-2Oz-92g-Pack-of-4/981024841?classType=REGULAR",
    "currentPrice": "current price $15.99",
    "pricePerOz": "N/A",
    "pickup": "Free shipping, arrives in 3+ days",
    "delivery": "N/A",
    "shipping": "N/A"
  },
  {
    "ioId": "23FGB87E5URD",
    "linkIdentifier": "1565290293",
    "text": "Breton/dare - Crackers Cabaret - Case Of 12-6.1 Oz",
    "href": "/ip/Breton-dare-Crackers-Cabaret-Case-Of-12-6-1-Oz/1565290293?classType=REGULAR",
    "currentPrice": "current price $57.59",
    "pricePerOz": "N/A",
    "pickup": "Free shipping, arrives in 3+ days",
    "delivery": "N/A",
    "shipping": "N/A"
  },
  {
    "ioId": "1QVHQ8Y64RB9",
    "linkIdentifier": "1039702900",
    "text": "34 Degrees Crisps Chili Flake Olive Oil - Pack of 12",
    "href": "/ip/34-Degrees-Crisps-Chili-Flake-Olive-Oil-Pack-of-12/1039702900?classType=REGULAR",
    "currentPrice": "current price $48.82",
    "pricePerOz": "$10.85/oz",
    "pickup": "Free shipping, arrives in 3+ days",
    "delivery": "N/A",
    "shipping": "N/A"
  },
  {
    "ioId": "2Y0LDMWN6P5G",
    "linkIdentifier": "715853784",
    "text": "Kellogg's Gripz Variety Pack Tiny Baked Snack Crackers, Lunch Snacks, 12 Count",
    "href": "/ip/Kellogg-s-Gripz-Variety-Pack-Tiny-Baked-Snack-Crackers-Lunch-Snacks-12-Count/715853784?classType=VARIANT",
    "currentPrice": "current price $6.48",
    "pricePerOz": "58.9 ¢/oz",
    "pickup": "Shipping, arrives tomorrow",
    "delivery": "N/A",
    "shipping": "N/A"
  },
  {
    "ioId": "7F8DE2WQT1AC",
    "linkIdentifier": "10900015",
    "text": "Keebler Club and Cheddar Sandwich Crackers, Single Serve Snack Crackers, 8 Count",
    "href": "/ip/Keebler-Club-and-Cheddar-Sandwich-Crackers-Single-Serve-Snack-Crackers-8-Count/10900015?classType=REGULAR",
    "currentPrice": "current price Now $5.29",
    "pricePerOz": "$19.93",
    "pickup": "Shipping, arrives in 3+ days",
    "delivery": "N/A",
    "shipping": "N/A"
  },
  {
    "ioId": "3WMB4V6P8XQW",
    "linkIdentifier": "1043799422",
    "text": "Firehook, Multigrain Flax Mediterranean Crackers (4 pack)",
    "href": "/ip/Firehook-Multigrain-Flax-Mediterranean-Crackers-4-pack/1043799422?classType=REGULAR",
    "currentPrice": "current price $44.12",
    "pricePerOz": "$32.44/lb",
    "pickup": "Free shipping, arrives in 3+ days",
    "delivery": "N/A",
    "shipping": "N/A"
  },
  {
    "ioId": "4RAPD9Y24ATV",
    "linkIdentifier": "528012023",
    "text": "Lance Sandwich Crackers, ToastChee Cheddar, 20 Individually Wrapped Packs, 6 Sandwiches Each",
    "href": "/ip/Lance-Sandwich-Crackers-ToastChee-Cheddar-20-Individually-Wrapped-Packs-6-Sandwiches-Each/528012023?classType=REGULAR",
    "currentPrice": "current price $11.54",
    "pricePerOz": "40.9 ¢/oz",
    "pickup": "Shipping, arrives tomorrow",
    "delivery": "N/A",
    "shipping": "N/A"
  },
  {
    "ioId": "3ZNNK02CVU2S",
    "linkIdentifier": "834283305",
    "text": "Haitai Ace cracker, 12.84 Ounce",
    "href": "/ip/Haitai-Ace-cracker-12-84-Ounce/834283305?classType=REGULAR",
    "currentPrice": "current price $12.50",
    "pricePerOz": "N/A",
    "pickup": "Free shipping, arrives in 3+ days",
    "delivery": "N/A",
    "shipping": "N/A"
  },
  {
    "ioId": "7JAFB39MYYXV",
    "linkIdentifier": "5230002769",
    "text": "(3 pack) RITZ Fresh Stacks Original Crackers, Party Size, 23.7 oz (16 Stacks)",
    "href": "/ip/RITZ-Fresh-Stacks-Original-Crackers-Party-Size-23-7-oz-16-Stacks/5230002769?classType=REGULAR",
    "currentPrice": "current price $17.94",
    "pricePerOz": "25.2 ¢/oz",
    "pickup": "Pickup today",
    "delivery": "Delivery today",
    "shipping": "Shipping, arrives tomorrow"
  },
  {
    "ioId": "16EGI19YX3RS",
    "linkIdentifier": "8618162721",
    "text": "Blue Diamond Nut Thins Almond Crackers 4.25 oz (Pack of 12)",
    "href": "/ip/Blue-Diamond-Nut-Thins-Almond-Crackers-4-25-oz-Pack-of-12/8618162721?classType=VARIANT",
    "currentPrice": "current price $78.98",
    "pricePerOz": "N/A",
    "pickup": "Free shipping, arrives in 3+ days",
    "delivery": "N/A",
    "shipping": "N/A"
  },
  {
    "ioId": "23C9FVMTR60T",
    "linkIdentifier": "547251543",
    "text": "Handi-Snacks, Ritz Crackers 'N Cheesy Dip, 0.95 oz, 12 Count",
    "href": "/ip/Handi-Snacks-RITZ-Crackers-N-Cheesy-Dip-Snack-Packs-12-Snack-Packs/547251543?classType=REGULAR",
    "currentPrice": "current price $12.50",
    "pricePerOz": "$1.10/oz",
    "pickup": "Free shipping, arrives in 3+ days",
    "delivery": "N/A",
    "shipping": "N/A"
  },
  {
    "ioId": "3OXFXIPUJ6LT",
    "linkIdentifier": "1013071549",
    "text": "Chocolate Animal Crackers, Coated Crackers Snack Packs, Assorted Fun Animal Shapes Biscuits, Individual Package Lunchbox Snacks, School Birthday Dessert Baking Supplies, 8 oz Bags (Pack of 2)",
    "href": "/ip/Chocolate-Animal-Crackers-Coated-Crackers-Snack-Packs-Assorted-Fun-Shapes-Biscuits-Individual-Package-Lunchbox-Snacks-School-Birthday-Dessert-Baking/1013071549?classType=REGULAR",
    "currentPrice": "current price $14.99",
    "pricePerOz": "N/A",
    "pickup": "Free shipping, arrives in 3+ days",
    "delivery": "N/A",
    "shipping": "N/A"
  },
  {
    "ioId": "5D33HCLOLLOM",
    "linkIdentifier": "418650379",
    "text": "Pepperidge Farm Goldfish Crackers Big Smiles with Cheddar, Colors, and Pretzel Crackers, Snack Packs, 30 Count Variety Pack Box",
    "href": "/ip/Pepperidge-Farm-Goldfish-Crackers-Big-Smiles-with-Cheddar-Colors-and-Pretzel-Crackers-Snack-Packs-30-Count-Variety-Pack-Box/418650379?classType=REGULAR",
    "currentPrice": "current price $22.39",
    "pricePerOz": "N/A",
    "pickup": "Free shipping, arrives in 3+ days",
    "delivery": "N/A",
    "shipping": "N/A"
  },
  {
    "ioId": "3KFKW4UGMNZM",
    "linkIdentifier": "161108761",
    "text": "Stacy's Baked Pita Thins Sea Salt 6 3/4 Oz, Bag",
    "href": "/ip/Stacy-s-Pita-Thins-Sea-Salt-6-75-Ounce-Plastic-Bag/161108761?classType=REGULAR",
    "currentPrice": "current price $4.99",
    "pricePerOz": "73.4 ¢/oz",
    "pickup": "Shipping, arrives in 3+ days",
    "delivery": "N/A",
    "shipping": "N/A"
  },
  {
    "ioId": "5VUZD6N9KSHT",
    "linkIdentifier": "344438095",
    "text": "Craize Toasted Snack Crackers, Everything, 4 oz (113 g)",
    "href": "/ip/Craize-Toasted-Snack-Crackers-Everything-4-oz-113-g/344438095?classType=REGULAR",
    "currentPrice": "current price Now $10.77",
    "pricePerOz": "$16.46",
    "pickup": "Free shipping, arrives in 3+ days",
    "delivery": "N/A",
    "shipping": "N/A"
  },
  {
    "ioId": "5ZTHG477DKLO",
    "linkIdentifier": "264846195",
    "text": "Honey Maid Graham Crackers",
    "href": "/ip/Honey-Maid-Graham-Crackers/264846195?classType=REGULAR",
    "currentPrice": "current price $14.99",
    "pricePerOz": "N/A",
    "pickup": "Free shipping, arrives in 3+ days",
    "delivery": "N/A",
    "shipping": "N/A"
  },
  {
    "ioId": "6BT1NPQQRUKP",
    "linkIdentifier": "548084930",
    "text": "Amanoya Himemaru, Japanese Rice Cracker, 3.45 oz",
    "href": "/ip/Amanoya-Himemaru-Japanese-Rice-Cracker-3-45-oz/548084930?classType=VARIANT",
    "currentPrice": "current price $8.99",
    "pricePerOz": "$2.57/oz",
    "pickup": "Shipping, arrives in 2 days",
    "delivery": "N/A",
    "shipping": "N/A"
  },
  {
    "ioId": "2C1G32NFXAWP",
    "linkIdentifier": "5779202796",
    "text": "Sigdal Bakeri Gluten Free Oats, Wholegrain Crispbread, 8.29oz (Pack of 2)",
    "href": "/ip/Sigdal-Bakeri-Gluten-Free-Oats-Wholegrain-Crispbread-8-29oz-Pack-of-2/5779202796?classType=undefined",
    "currentPrice": "N/A",
    "pricePerOz": "N/A",
    "pickup": "N/A",
    "delivery": "N/A",
    "shipping": "N/A"
  },
  {
    "ioId": "2EXOS5MMDF3Q",
    "linkIdentifier": "10346815116",
    "text": "Sonoma Creamery Pepperoni Pizza Crisps 2 oz. 2 each Pack of 2",
    "href": "/ip/Sonoma-Creamery-Pepperoni-Pizza-Crisps-Set-of-2-x-2-oz-each/10346815116?classType=undefined",
    "currentPrice": "N/A",
    "pricePerOz": "N/A",
    "pickup": "N/A",
    "delivery": "N/A",
    "shipping": "N/A"
  },
  {
    "ioId": "1XEBG5Z1J3FJ",
    "linkIdentifier": "8277169824",
    "text": "Milton's Craft Bakers Gluten Free Everything Crackers - Baked Everything Crackers, Everything Bagel Inspired, Non-GMO Project Verified, Kosher, Certified Gluten Free Snack - 4.5 Oz, Pack of 3 C11",
    "href": "/ip/Milton-s-Craft-Bakers-Gluten-Free-Everything-Crackers-Baked-Crackers-Bagel-Inspired-Non-GMO-Project-Verified-Kosher-Certified-Snack-4-5-Oz-Pack-3-C11/8277169824?classType=undefined",
    "currentPrice": "N/A",
    "pricePerOz": "N/A",
    "pickup": "N/A",
    "delivery": "N/A",
    "shipping": "N/A"
  },
  {
    "ioId": "1DGLPKPOI174",
    "linkIdentifier": "1748005717",
    "text": "Dick & Jane Fun & Fitness Educational Snack Crackers, 1 Ounces, 120 Per Case",
    "href": "/ip/Dick-Jane-Fun-Fitness-Educational-Snack-Crackers-1-Ounces-120-Per-Case/1748005717?classType=REGULAR",
    "currentPrice": "current price $56.69",
    "pricePerOz": "N/A",
    "pickup": "Free shipping, arrives in 3+ days",
    "delivery": "N/A",
    "shipping": "N/A"
  },
  {
    "ioId": "3B1D7TS5EYOM",
    "linkIdentifier": "761867847",
    "text": "RITZ Fresh Stacks Original Crackers, Party Size, 23.7 oz (16 Stacks)",
    "href": "/ip/RITZ-Fresh-Stacks-Original-Crackers-Party-Size-23-7-oz-16-Stacks/761867847?classType=VARIANT",
    "currentPrice": "current price $5.98",
    "pricePerOz": "25.2 ¢/oz",
    "pickup": "Pickup today",
    "delivery": "Delivery today",
    "shipping": "Shipping, arrives tomorrow"
  },
  {
    "ioId": "5E9KY18E8D8P",
    "linkIdentifier": "3329337304",
    "text": "Parm Crisps Oven-Baked Cheddar Cheese Snack, 9.5 oz",
    "href": "/ip/Parm-Crisps-Oven-Baked-Cheddar-Cheese-Snack-9-5-oz/3329337304?classType=REGULAR",
    "currentPrice": "N/A",
    "pricePerOz": "N/A",
    "pickup": "Free shipping, arrives in 3+ days",
    "delivery": "N/A",
    "shipping": "N/A"
  },
  {
    "ioId": "5RLHRUP22R38",
    "linkIdentifier": "13680300887",
    "text": "(1PACK),Wheat Thins Big Whole Grain Wheat Crackers,",
    "href": "/ip/1PACK-Wheat-Thins-Big-Whole-Grain-Wheat-Crackers/13680300887?classType=REGULAR",
    "currentPrice": "current price $10.12",
    "pricePerOz": "+$4.99 shipping",
    "pickup": "Shipping, arrives in 3+ days",
    "delivery": "N/A",
    "shipping": "N/A"
  },
  {
    "ioId": "70ZGTC7RHDGO",
    "linkIdentifier": "189027748",
    "text": "Doctor In The Kitchen Organic Flax Seed Crackers Sea Salt, 5 Oz",
    "href": "/ip/Doctor-In-The-Kitchen-Flackers-Crackers-Sea-Salt-5-Oz/189027748?classType=VARIANT",
    "currentPrice": "current price $10.00",
    "pricePerOz": "$2.00/oz",
    "pickup": "Shipping, arrives tomorrow",
    "delivery": "N/A",
    "shipping": "N/A"
  },
  {
    "ioId": "2M4MMF5GXMW9",
    "linkIdentifier": "5346495883",
    "text": "Reggae Carmella 100% Jamaican Bite-Sized Assorted Snacks 25 pcs",
    "href": "/ip/Reggae-Carmella-100-Jamaican-Bite-Sized-Assorted-Snacks-25-pcs/5346495883?classType=REGULAR",
    "currentPrice": "current price $39.99",
    "pricePerOz": "+$13.98 shipping",
    "pickup": "Shipping, arrives in 3+ days",
    "delivery": "N/A",
    "shipping": "N/A"
  },
  {
    "ioId": "1SFA2SGWC9GO",
    "linkIdentifier": "29472663",
    "text": "Snack Factory Pretzel Crisps Everything Deli Style Pretzel Crackers, 7.2 oz (Pack of 12)",
    "href": "/ip/Snack-Factory-Pretzel-Crisps-Everything-Deli-Style-Pretzel-Crackers-7-2-oz-Pack-of-12/29472663?classType=REGULAR",
    "currentPrice": "current price $58.83",
    "pricePerOz": "68.1 ¢/ea",
    "pickup": "Free shipping, arrives in 2 days",
    "delivery": "N/A",
    "shipping": "N/A"
  },
  {
    "ioId": "1GUVFCZZNEDQ",
    "linkIdentifier": "3232317682",
    "text": "Jacob's Cream Crackers 7.05 oz (Pack Of 24)",
    "href": "/ip/Jacobs-Cream-Cracker-7-05-Ounce-24-per-case/3232317682?classType=REGULAR",
    "currentPrice": "current price Now $46.15",
    "pricePerOz": "$61.59",
    "pickup": "Shipping, arrives in 3+ days",
    "delivery": "N/A",
    "shipping": "N/A"
  },
  {
    "ioId": "1DIYEP2XXW3L",
    "linkIdentifier": "9401612735",
    "text": "(Pack of 12), Crunchmaster Multi-Seed Crackers - Original Party Pack, 9 oz",
    "href": "/ip/Pack-of-12-Crunchmaster-Multi-Seed-Crackers-Original-Party-Pack-9-oz/9401612735?classType=REGULAR",
    "currentPrice": "current price $80.79",
    "pricePerOz": "+$17.81 shipping",
    "pickup": "Shipping, arrives in 3+ days",
    "delivery": "N/A",
    "shipping": "N/A"
  },
  {
    "ioId": "27AMUBI2JT4G",
    "linkIdentifier": "690812452",
    "text": "RITZ Original Crackers, Family Size, 20.5 oz",
    "href": "/ip/RITZ-Original-Crackers-Family-Size-20-5-oz/690812452?classType=VARIANT&athbdg=L1600",
    "currentPrice": "current price $4.98",
    "pricePerOz": "24.3 ¢/oz",
    "pickup": "Pickup today",
    "delivery": "Delivery today",
    "shipping": "N/A"
  },
  {
    "ioId": "211W1YNZTWPQ",
    "linkIdentifier": "1617056069",
    "text": "Dare Breton Original Crackers, 200g/7.9 oz., {Imported from Canada}",
    "href": "/ip/Dare-Breton-Original-Crackers-200g-7-9-oz-Imported-from-Canada/1617056069?classType=REGULAR",
    "currentPrice": "current price $19.99",
    "pricePerOz": "N/A",
    "pickup": "Free shipping, arrives in 3+ days",
    "delivery": "N/A",
    "shipping": "N/A"
  },
  {
    "ioId": "3076HKQPC4OM",
    "linkIdentifier": "11633215988",
    "text": "Trader Joe's Gluten Free Norwegian Crispbread - Healthy Seeded Snack | 7.55 oz",
    "href": "/ip/Trader-Joe-s-Gluten-Free-Norwegian-Crispbread-Healthy-Seeded-Snack-7-55-oz/11633215988?classType=VARIANT",
    "currentPrice": "current price $13.99",
    "pricePerOz": "N/A",
    "pickup": "Shipping, arrives in 2 days",
    "delivery": "N/A",
    "shipping": "N/A"
  },
  {
    "ioId": "74XEV9V8O7HS",
    "linkIdentifier": "36528719",
    "text": "Edward & Sons Brown Rice Snaps, Toasted Onion, 3.5 Oz.",
    "href": "/ip/Edward-Sons-Brown-Rice-Snaps-Toasted-Onion-3-5-Oz/36528719?classType=REGULAR",
    "currentPrice": "current price $3.57",
    "pricePerOz": "$1.02/oz",
    "pickup": "Shipping, arrives in 3+ days",
    "delivery": "N/A",
    "shipping": "N/A"
  },
  {
    "ioId": "62A66V0S44X5",
    "linkIdentifier": "5225062581",
    "text": "(3 pack) Wheat Thins Original Whole Grain Wheat Crackers, Family Size, 14 oz",
    "href": "/ip/Wheat-Thins-Original-Whole-Grain-Wheat-Crackers-Family-Size-14-oz/5225062581?classType=REGULAR",
    "currentPrice": "current price $14.94",
    "pricePerOz": "35.6 ¢/oz",
    "pickup": "Pickup today",
    "delivery": "Delivery today",
    "shipping": "Shipping, arrives tomorrow"
  },
  {
    "ioId": "4DBW5IIQ2MX4",
    "linkIdentifier": "14279318687",
    "text": "Homemade Bread - Comprehensive Guide, Bake Ancient Grains, Sourdough, Healthy, Expert Tips, Tomato Basil Focaccia, Chocolate Babka, Sweet Monkey Bread, Parmesan Breadsticks, Sweet Potato Rolls More!",
    "href": "/ip/Homemade-Bread-Comprehensive-Guide-Bake-Ancient-Grains-Sourdough-Healthy-Expert-Tips-Tomato-Basil-Focaccia-Chocolate-Babka-Sweet-Monkey-Bread-Parmesa/14279318687?classType=REGULAR",
    "currentPrice": "current price $14.99",
    "pricePerOz": "N/A",
    "pickup": "Free shipping, arrives in 3+ days",
    "delivery": "N/A",
    "shipping": "N/A"
  },
  {
    "ioId": "5Z27U7FKC7ON",
    "linkIdentifier": "14869474103",
    "text": "Crackers, Crackers",
    "href": "/ip/Crackers-Crackers/14869474103?classType=REGULAR",
    "currentPrice": "current price $20.81",
    "pricePerOz": "N/A",
    "pickup": "Free shipping, arrives in 3+ days",
    "delivery": "N/A",
    "shipping": "N/A"
  },
  {
    "ioId": "5GDXMXOJU5FL",
    "linkIdentifier": "1157549498",
    "text": "Ocherk iz istorii amerikanskoi pravoslavnoi dukhovnoi missii : (Kadiakskoi missii 1794-1837 gg.) : s prilozheniem 1) portreta Amerikanskogo missionera monakha Germana i ego faksimile, 2) vida na",
    "href": "/ip/Ocherk-iz-istorii-amerikanskoi-pravoslavnoi-dukhovnoi-missii-Kadiakskoi-1794-1837-gg-s-prilozheniem-1-portreta-Amerikanskogo-missionera-monakha-Germa/1157549498?classType=REGULAR",
    "currentPrice": "current price $56.33",
    "pricePerOz": "N/A",
    "pickup": "Free shipping, arrives in 3+ days",
    "delivery": "N/A",
    "shipping": "N/A"
  },
  {
    "ioId": "16DDNNFJPNAX",
    "linkIdentifier": "1060016659",
    "text": "DR MCDOUGALLS SOUP BGCUP PAD THAI NDLE-2 OZ -Pack of 6",
    "href": "/ip/DR-MCDOUGALLS-SOUP-BGCUP-PAD-THAI-NDLE-2-OZ-Pack-of-6/1060016659?classType=REGULAR",
    "currentPrice": "current price $30.21",
    "pricePerOz": "N/A",
    "pickup": "Free shipping, arrives in 3+ days",
    "delivery": "N/A",
    "shipping": "N/A"
  },
  {
    "ioId": "4JSFF4AFH2DY",
    "linkIdentifier": "107224301",
    "text": "Crunchmaster Rice Crackers Pack of 6, 3.5 oz ea",
    "href": "/ip/Crunchmaster-Rice-Crackers-Pack-of-6-3-5-oz-ea/107224301?classType=REGULAR",
    "currentPrice": "current price $23.45",
    "pricePerOz": "N/A",
    "pickup": "Free shipping, arrives in 3+ days",
    "delivery": "N/A",
    "shipping": "N/A"
  },
  {
    "ioId": "3ZQDKFPZA806",
    "linkIdentifier": "5001961876",
    "text": "Wisecrackers Wisecrackers Everythng Bite Size - 6x4OZ",
    "href": "/ip/Wisecrackers-Wisecrackers-Everythng-Bite-Size-6x4OZ/5001961876?classType=REGULAR",
    "currentPrice": "current price $35.83",
    "pricePerOz": "+$9.98 shipping",
    "pickup": "Shipping, arrives in 3+ days",
    "delivery": "N/A",
    "shipping": "N/A"
  },
  {
    "ioId": "6E57VL9E4BYD",
    "linkIdentifier": "141746672",
    "text": "Le Pain Des Fleurs Organic Crisp Bread Quinoa, 4.41 Oz",
    "href": "/ip/Le-Pain-Des-Fleurs-Organic-Crisp-Bread-Quinoa-4-41-Oz/141746672?classType=REGULAR",
    "currentPrice": "current price Now $9.31",
    "pricePerOz": "$11.99",
    "pickup": "Shipping, arrives in 2 days",
    "delivery": "N/A",
    "shipping": "N/A"
  },
  {
    "ioId": "2UUSENO9AX0X",
    "linkIdentifier": "5237545298",
    "text": "Barnums Original Animal Crackers RE3212 213 oz Boxes",
    "href": "/ip/Barnums-Original-Animal-Crackers-RE3212-213-oz-Boxes/5237545298?classType=REGULAR",
    "currentPrice": "N/A",
    "pricePerOz": "N/A",
    "pickup": "Free shipping, arrives in 3+ days",
    "delivery": "N/A",
    "shipping": "N/A"
  },
  {
    "ioId": "5CZN3RYYLLB6",
    "linkIdentifier": "881277990",
    "text": "Sigdal Bakeri 8.29 oz Spelt & Pumpkin Seeds Crispbread",
    "href": "/ip/Sigdal-Bakeri-8-29-oz-Spelt-Pumpkin-Seeds-Crispbread/881277990?classType=REGULAR",
    "currentPrice": "N/A",
    "pricePerOz": "N/A",
    "pickup": "Free shipping, arrives in 3+ days",
    "delivery": "N/A",
    "shipping": "N/A"
  },
  {
    "ioId": "2ZJ9PKH0WG08",
    "linkIdentifier": "578584428",
    "text": "Moon Cheese (2oz.) - Get Pepper Jacked Size: 6 Bags",
    "href": "/ip/Moon-Cheese-2oz-Get-Pepper-Jacked-Size-6-Bags/578584428?classType=VARIANT",
    "currentPrice": "current price $32.99",
    "pricePerOz": "+$9.99 shipping",
    "pickup": "Shipping, arrives in 3+ days",
    "delivery": "N/A",
    "shipping": "N/A"
  },
  {
    "ioId": "6B22CRRWLQSP",
    "linkIdentifier": "8639009221",
    "text": "Ritz Peanut Butter Sandwich Crackers - 11.04 oz",
    "href": "/ip/Ritz-Peanut-Butter-Sandwich-Crackers-11-04-oz/8639009221?classType=REGULAR",
    "currentPrice": "current price $14.99",
    "pricePerOz": "N/A",
    "pickup": "Free shipping, arrives in 3+ days",
    "delivery": "N/A",
    "shipping": "N/A"
  },
  {
    "ioId": "1PI0ERONFFU8",
    "linkIdentifier": "873490819",
    "text": "Appleways Whole Grain Bean & Veggie Crackers | 1.Oz | Pack of 24",
    "href": "/ip/Appleways-Whole-Grain-Bean-Veggie-Crackers-1-Oz-Pack-of-24/873490819?classType=VARIANT",
    "currentPrice": "current price $25.70",
    "pricePerOz": "N/A",
    "pickup": "Free shipping, arrives in 3+ days",
    "delivery": "N/A",
    "shipping": "N/A"
  },
  {
    "ioId": "3Z7J478LAY14",
    "linkIdentifier": "5958237168",
    "text": "Mary's Gone Crackers Organic Original Crackers, 4 oz",
    "href": "/ip/Mary-s-Gone-Crackers-Original-Crackers/5958237168?classType=VARIANT",
    "currentPrice": "current price $3.98",
    "pricePerOz": "99.5 ¢/oz",
    "pickup": "Shipping, arrives tomorrow",
    "delivery": "N/A",
    "shipping": "N/A"
  },
  {
    "ioId": "5WXZ3GQ3V0G0",
    "linkIdentifier": "770555402",
    "text": "Gamesa sabrosa crackers 1",
    "href": "/ip/Gamesa-sabrosa-crackers-1/770555402?classType=REGULAR",
    "currentPrice": "current price $16.34",
    "pricePerOz": "N/A",
    "pickup": "Free shipping, arrives in 3+ days",
    "delivery": "N/A",
    "shipping": "N/A"
  },
  {
    "ioId": "3W1RR4TLBU1X",
    "linkIdentifier": "13113761568",
    "text": "RITZ Bits 1PACK,Peanut Butter Sandwich Crackers,",
    "href": "/ip/RITZ-Bits-1PACK-Peanut-Butter-Sandwich-Crackers/13113761568?classType=REGULAR",
    "currentPrice": "current price $9.99",
    "pricePerOz": "N/A",
    "pickup": "Free shipping, arrives in 3+ days",
    "delivery": "N/A",
    "shipping": "N/A"
  },
  {
    "ioId": "57U9XAZIU98M",
    "linkIdentifier": "5440643484",
    "text": "Finn Crisps Original Rye Crispbread 7oz | Thin, Crispy Rye Flatbread Crackers | Multipack of Authentic Finnish Sourdough Crispbread | Whole Grain Rye Crackers [2 Boxes x 7oz]",
    "href": "/ip/Finn-Crisps-Original-Rye-Crispbread-7oz-Thin-Crispy-Flatbread-Crackers-Multipack-Authentic-Finnish-Sourdough-Whole-Grain-2-Boxes-x-7oz/5440643484?classType=REGULAR",
    "currentPrice": "current price $16.95",
    "pricePerOz": "N/A",
    "pickup": "Free shipping, arrives in 3+ days",
    "delivery": "N/A",
    "shipping": "N/A"
  },
  {
    "ioId": "2RM5ROM3FGIT",
    "linkIdentifier": "712707525",
    "text": "Christie Toppables Crackers, 386g/13.5 oz. Box",
    "href": "/ip/Christie-Toppables-Crackers-386g-13-5-oz-Box/712707525?classType=REGULAR",
    "currentPrice": "current price $16.99",
    "pricePerOz": "N/A",
    "pickup": "Free shipping, arrives in 3+ days",
    "delivery": "N/A",
    "shipping": "N/A"
  },
  {
    "ioId": "1IEZM8UD6ZZZ",
    "linkIdentifier": "15580726",
    "text": "Sunshine Cheez-It Baked Cheddar Jack, White Cheddar, & Original Snack Cracker Variety Pack, 1.25 oz., 12 Count",
    "href": "/ip/Sunshine-Cheez-It-Baked-Cheddar-Jack-White-Cheddar-Original-Snack-Cracker-Variety-Pack-1-25-oz-12-Count/15580726?classType=REGULAR",
    "currentPrice": "current price $11.99",
    "pricePerOz": "79.9 ¢/oz",
    "pickup": "Free shipping, arrives in 3+ days",
    "delivery": "N/A",
    "shipping": "N/A"
  },
  {
    "ioId": "5ENP466DWFGH",
    "linkIdentifier": "11869919802",
    "text": "(2 pack) Schar Gluten-Free Rosemary Table Crackers with Sea Salt, 1.2 oz",
    "href": "/ip/Schar-Gluten-Free-Rosemary-Table-Crackers-with-Sea-Salt-1-2-oz-6-Count/11869919802?classType=REGULAR",
    "currentPrice": "current price $10.46",
    "pricePerOz": "70.7 ¢/oz",
    "pickup": "Shipping, arrives tomorrow",
    "delivery": "N/A",
    "shipping": "N/A"
  },
  {
    "ioId": "5UEG8S8BCQ5F",
    "linkIdentifier": "184505659",
    "text": "RITZ Crisp and Thins Original with Creamy Onion and Sea Salt Chips, 7.1 oz",
    "href": "/ip/RITZ-Crisp-and-Thins-Original-with-Creamy-Onion-and-Sea-Salt-Chips-7-1-oz/184505659?classType=VARIANT&athbdg=L1300",
    "currentPrice": "current price Now $3.46",
    "pricePerOz": "$3.92",
    "pickup": "Pickup today",
    "delivery": "Delivery today",
    "shipping": "N/A"
  },
  {
    "ioId": "4PR3LT05OEEO",
    "linkIdentifier": "10321420",
    "text": "Carr's Whole Wheat Crackers, Whole Grain Crackers, 7 oz",
    "href": "/ip/Carr-39-s-Whole-Wheat-Crackers-7-Oz/10321420?classType=REGULAR",
    "currentPrice": "current price $11.49",
    "pricePerOz": "$1.64/oz",
    "pickup": "Shipping, arrives in 2 days",
    "delivery": "N/A",
    "shipping": "N/A"
  },
  {
    "ioId": "3RDEBNEMBS8N",
    "linkIdentifier": "652778439",
    "text": "Goldfish Cheddar Crackers, Snack Crackers, 30 oz Carton, 2 CT Box",
    "href": "/ip/Goldfish-Cheddar-Crackers-Snack-Crackers-30-oz-Carton-2-CT-Box/652778439?classType=REGULAR",
    "currentPrice": "current price $24.00",
    "pricePerOz": "40.0 ¢/oz",
    "pickup": "Free shipping, arrives in 3+ days",
    "delivery": "N/A",
    "shipping": "N/A"
  },
  {
    "ioId": "69WVM8U3QCBQ",
    "linkIdentifier": "581754728",
    "text": "Mary's Gone Crackers Organic Super Seed Crackers, Rosemary, 5 oz (142 g)",
    "href": "/ip/Mary-s-Gone-Crackers-Super-Seed-Crackers-Rosemary-5-oz-141-g/581754728?classType=REGULAR",
    "currentPrice": "current price Now $5.21",
    "pricePerOz": "$44.94",
    "pickup": "Shipping, arrives in 3+ days",
    "delivery": "N/A",
    "shipping": "N/A"
  },
  {
    "ioId": "38G2ANVEY0O9",
    "linkIdentifier": "5425527065",
    "text": "Cheez-It Hidden Valley Ranch Cheese Crackers, Baked Snack Crackers, 12.4 oz",
    "href": "/ip/Cheez-It-Hidden-Valley-Ranch-Cheese-Crackers-Baked-Snack-Crackers-12-4-oz/5425527065?classType=REGULAR",
    "currentPrice": "current price $10.00",
    "pricePerOz": "80.6 ¢/oz",
    "pickup": "Free shipping, arrives in 2 days",
    "delivery": "N/A",
    "shipping": "N/A"
  },
  {
    "ioId": "6ZSJ96OE0CIO",
    "linkIdentifier": "5237944365",
    "text": "Milka & TUC Crackers - Pack of 3",
    "href": "/ip/Milka-TUC-Crackers-Pack-of-3/5237944365?classType=undefined",
    "currentPrice": "N/A",
    "pricePerOz": "N/A",
    "pickup": "N/A",
    "delivery": "N/A",
    "shipping": "N/A"
  },
  {
    "ioId": "6ADB9AXZAOJT",
    "linkIdentifier": "8896068823",
    "text": "2X-Ritz Fresh Stacks Original Crackers Party Size - 23.75 oz",
    "href": "/ip/2X-Ritz-Fresh-Stacks-Original-Crackers-Party-Size-23-7-Oz-16-Stacks/8896068823?classType=REGULAR",
    "currentPrice": "current price $7.99",
    "pricePerOz": "$14.50",
    "pickup": "N/A",
    "delivery": "N/A",
    "shipping": "N/A"
  },
  {
    "ioId": "1V8KLGUZCGMC",
    "linkIdentifier": "8771705679",
    "text": "Ritz Toasted Chips Ranch Crackers, 8.1 Oz",
    "href": "/ip/Ritz-Toasted-Chips-Ranch-Crackers-8-1-Oz/8771705679?classType=REGULAR&athbdg=L1700",
    "currentPrice": "N/A",
    "pricePerOz": "N/A",
    "pickup": "Free shipping, arrives in 3+ days",
    "delivery": "N/A",
    "shipping": "N/A"
  },
  {
    "ioId": "61E8APWR7DPE",
    "linkIdentifier": "177050263",
    "text": "Firehook Bakery Firehook Crackers, 5.5 oz",
    "href": "/ip/Firehook-Bakery-Firehook-Crackers-5-5-oz/177050263?classType=REGULAR",
    "currentPrice": "N/A",
    "pricePerOz": "N/A",
    "pickup": "Free shipping, arrives in 3+ days",
    "delivery": "N/A",
    "shipping": "N/A"
  },
  {
    "ioId": "6GP34APRKVNL",
    "linkIdentifier": "1658759586",
    "text": "Dick & Jane States & Capitals Educational Snack Crackers, 1 Ounces, 120 Per Case",
    "href": "/ip/Dick-Jane-States-Capitals-Educational-Snack-Crackers-1-Ounces-120-Per-Case/1658759586?classType=REGULAR",
    "currentPrice": "current price $54.98",
    "pricePerOz": "N/A",
    "pickup": "Free shipping, arrives in 3+ days",
    "delivery": "N/A",
    "shipping": "N/A"
  },
  {
    "ioId": "5JSRYQJWSIO3",
    "linkIdentifier": "889544714",
    "text": "Keebler Club Crackers Snack Stacks (24 Count)",
    "href": "/ip/Keebler-Club-Crackers-Snack-Stacks-24-Count/889544714?classType=REGULAR",
    "currentPrice": "current price $16.29",
    "pricePerOz": "32.6 ¢/oz",
    "pickup": "Free shipping, arrives in 3+ days",
    "delivery": "N/A",
    "shipping": "N/A"
  },
  {
    "ioId": "4DFJQ06I38PW",
    "linkIdentifier": "12082372682",
    "text": "Ritz Peanut Butter Sandwich Crackers 27.6 oz",
    "href": "/ip/Ritz-Peanut-Butter-Sandwich-Crackers-27-6-oz/12082372682?classType=REGULAR",
    "currentPrice": "current price $22.68",
    "pricePerOz": "N/A",
    "pickup": "Free shipping, arrives in 3+ days",
    "delivery": "N/A",
    "shipping": "N/A"
  },
  {
    "ioId": "6JXMMEKG9T2F",
    "linkIdentifier": "948976178",
    "text": "Quaker Rice Crisps, 6 Flavor Variety Pack, 12 Count",
    "href": "/ip/Quaker-Rice-Crisps-6-Flavor-Variety-Pack-12-Count/948976178?classType=REGULAR",
    "currentPrice": "current price $29.90",
    "pricePerOz": "+$9.99 shipping",
    "pickup": "Shipping, arrives in 3+ days",
    "delivery": "N/A",
    "shipping": "N/A"
  },
  {
    "ioId": "46ZPY5DSYGXG",
    "linkIdentifier": "5458117050",
    "text": "Ritz Fudge Covered Holiday Crackers, Limited Edition, 7.5 Oz",
    "href": "/ip/Ritz-Fudge-Covered-Holiday-Crackers-Limited-Edition-7-5-Oz/5458117050?classType=REGULAR",
    "currentPrice": "current price Now $12.40",
    "pricePerOz": "$15.99",
    "pickup": "Shipping, arrives in 3+ days",
    "delivery": "N/A",
    "shipping": "N/A"
  },
  {
    "ioId": "1MBVA6VPS44X",
    "linkIdentifier": "13425015",
    "text": "Mary's Gone Crackers Original Crackers 6.5 Ounce Box []",
    "href": "/ip/Mary-s-Gone-Crackers-Original-Crackers-6-5-Ounce-Box/13425015?classType=REGULAR",
    "currentPrice": "current price $8.55",
    "pricePerOz": "$1.32/oz",
    "pickup": "Shipping, arrives in 2 days",
    "delivery": "N/A",
    "shipping": "N/A"
  },
  {
    "ioId": "3ZCVT1WJS1X1",
    "linkIdentifier": "20897688",
    "text": "Nabisco Original Wheat Thins Snacks, 9.1 oz",
    "href": "/ip/Wheat-Thins-Original-Whole-Grain-Wheat-Crackers-9-1-oz/20897688?classType=REGULAR",
    "currentPrice": "N/A",
    "pricePerOz": "N/A",
    "pickup": "Free shipping, arrives in 3+ days",
    "delivery": "N/A",
    "shipping": "N/A"
  },
  {
    "ioId": "1RYYCD7L5LNL",
    "linkIdentifier": "24553286",
    "text": "Cheez-It Made with Whole Grain Cheese Crackers, Baked Snack Crackers, 12.4 oz",
    "href": "/ip/Cheez-It-Made-with-Whole-Grain-Cheese-Crackers-Baked-Snack-Crackers-12-4-oz/24553286?classType=VARIANT",
    "currentPrice": "current price Now $7.40",
    "pricePerOz": "$8.97",
    "pickup": "Shipping, arrives tomorrow",
    "delivery": "N/A",
    "shipping": "N/A"
  },
  {
    "ioId": "6CHB228681C4",
    "linkIdentifier": "481712379",
    "text": "Honey Maid Graham Crackers",
    "href": "/ip/Honey-Maid-Graham-Crackers/481712379?classType=REGULAR",
    "currentPrice": "current price $5.87",
    "pricePerOz": "+$4.98 shipping",
    "pickup": "Shipping, arrives in 3+ days",
    "delivery": "N/A",
    "shipping": "N/A"
  },
  {
    "ioId": "4ORVYVU7PMSY",
    "linkIdentifier": "5321585933",
    "text": "2X - Ritz Crisp And Thins Cream Cheese And Onion Chips 7.1 oz",
    "href": "/ip/Ritz-Crisp-And-Thins-Cream-Cheese-And-Onion-Chips-7-1-Oz/5321585933?classType=REGULAR",
    "currentPrice": "current price $10.59",
    "pricePerOz": "+$3.99 shipping",
    "pickup": "Shipping, arrives in 3+ days",
    "delivery": "N/A",
    "shipping": "N/A"
  },
  {
    "ioId": "26KJJL96W1K0",
    "linkIdentifier": "3480922506",
    "text": "Pepperidge Farm Goldfish Grahams Elf Maple Syrup Baked Grahams, 6.1 oz Bag",
    "href": "/ip/Goldfish-Elf-Maple-Syrup-Flavored-Graham-Crackers-Snack-Crackers-6-1-oz-Bag/3480922506?classType=VARIANT",
    "currentPrice": "current price $7.99",
    "pricePerOz": "$1.31/oz",
    "pickup": "Shipping, arrives in 2 days",
    "delivery": "N/A",
    "shipping": "N/A"
  },
  {
    "ioId": "414ATKT1RXEE",
    "linkIdentifier": "1352470248",
    "text": "Firehook - Cracker Rosemry Sea Salt - Case of 8-5.5 OZ",
    "href": "/ip/Firehook-Cracker-Rosemry-Sea-Salt-Case-of-8-5-5-OZ/1352470248?classType=REGULAR",
    "currentPrice": "current price $50.48",
    "pricePerOz": "N/A",
    "pickup": "Free shipping, arrives in 2 days",
    "delivery": "N/A",
    "shipping": "N/A"
  },
  {
    "ioId": "4FON54E21JUV",
    "linkIdentifier": "942909064",
    "text": "Sonoma Creamery Cheese Crisps - Pepper Jack Savory Cheese Cracker, 10 Ounce",
    "href": "/ip/Sonoma-Creamery-Cheese-Crisps-Pepper-Jack-Savory-Cheese-Cracker-10-Ounce/942909064?classType=VARIANT",
    "currentPrice": "current price $18.01",
    "pricePerOz": "N/A",
    "pickup": "Free shipping, arrives in 3+ days",
    "delivery": "N/A",
    "shipping": "N/A"
  },
  {
    "ioId": "30IXT0HA6FAR",
    "linkIdentifier": "14867050674",
    "text": "Quaker Rice Thins Cocoa Crunch - 2.5 OZ",
    "href": "/ip/Quaker-Rice-Thins-Cocoa-Crunch-2-5-OZ/14867050674?classType=REGULAR",
    "currentPrice": "current price Now $2.98",
    "pricePerOz": "$5.10",
    "pickup": "Shipping, arrives in 3+ days",
    "delivery": "N/A",
    "shipping": "N/A"
  },
  {
    "ioId": "1S0O5WFM8MMJ",
    "linkIdentifier": "9065973297",
    "text": "Original Animal Crackers, 12 Snack Packs",
    "href": "/ip/Original-Animal-Crackers-12-1-oz-Snack-Packs/9065973297?classType=VARIANT",
    "currentPrice": "current price $10.80",
    "pricePerOz": "N/A",
    "pickup": "Free shipping, arrives in 3+ days",
    "delivery": "N/A",
    "shipping": "N/A"
  },
  {
    "ioId": "3KV5EE1V7FFD",
    "linkIdentifier": "5553722465",
    "text": "Combos Cheddar Cheese Cracker Baked Snacks Bag 6.3 oz",
    "href": "/ip/Combos-Cheddar-Cheese-Cracker-Baked-Snacks-Bag-6-3-oz/5553722465?classType=REGULAR",
    "currentPrice": "current price $11.82",
    "pricePerOz": "N/A",
    "pickup": "Free shipping, arrives in 3+ days",
    "delivery": "N/A",
    "shipping": "N/A"
  },
  {
    "ioId": "5IB2OW6EF6IO",
    "linkIdentifier": "2360207397",
    "text": "Goldfish Flavor Blasted Xtra Cheddar Cheese Crackers, 27.3 oz Carton",
    "href": "/ip/Goldfish-Flavor-Blasted-Xtra-Cheddar-Cheese-Crackers-27-3-oz-Carton/2360207397?classType=REGULAR&athbdg=L1600",
    "currentPrice": "current price Now $7.97",
    "pricePerOz": "$8.98",
    "pickup": "Pickup today",
    "delivery": "Delivery today",
    "shipping": "Shipping, arrives tomorrow"
  },
  {
    "ioId": "5C7L5WCPWCL5",
    "linkIdentifier": "5261150125",
    "text": "(4 pack) RITZ Toasted Chips Everything Crackers, 8.1 oz",
    "href": "/ip/RITZ-Toasted-Chips-Everything-Crackers-8-1-oz/5261150125?classType=REGULAR&athbdg=L1300",
    "currentPrice": "current price $13.84",
    "pricePerOz": "42.7 ¢/oz",
    "pickup": "Pickup today",
    "delivery": "Delivery today",
    "shipping": "Shipping, arrives tomorrow"
  },
  {
    "ioId": "1CQY7LV7WBG1",
    "linkIdentifier": "2569296805",
    "text": "Triscuit Whole Grain Wheat Crackers 4 Flavor Variety Pack, 4 Boxes YU4",
    "href": "/ip/Triscuit-Whole-Grain-Crackers-4-Flavor-Variety-Pack-4-Boxes/2569296805?classType=REGULAR",
    "currentPrice": "current price $27.63",
    "pricePerOz": "+$6.99 shipping",
    "pickup": "Shipping, arrives in 3+ days",
    "delivery": "N/A",
    "shipping": "N/A"
  },
  {
    "ioId": "1WXWZPUUL27H",
    "linkIdentifier": "10543941",
    "text": "Hot Kid Shelly Senbei Japanese Style Rice Crackers, 5.3 oz Pouch, 12 packs of 2 pieces, Crunchy Rice Crackers",
    "href": "/ip/Hot-Kid-Shelly-Senbei-Japanese-Style-Rice-Crackers-5-3-oz-Pouch-12-packs-of-2-pieces-Crunchy-Rice-Crackers/10543941?classType=VARIANT",
    "currentPrice": "current price $4.72",
    "pricePerOz": "89.1 ¢/oz",
    "pickup": "Pickup today",
    "delivery": "Delivery today",
    "shipping": "Shipping, arrives tomorrow"
  },
  {
    "ioId": "0YEGAVJBTHK7",
    "linkIdentifier": "318734851",
    "text": "SweetGourmet Narrow Sesame Sticks Salted 15oz Bag",
    "href": "/ip/SweetGourmet-Narrow-Sesame-Sticks-Salted-15oz-Bag/318734851?classType=VARIANT",
    "currentPrice": "current price $11.39",
    "pricePerOz": "N/A",
    "pickup": "Free shipping, arrives in 3+ days",
    "delivery": "N/A",
    "shipping": "N/A"
  },
  {
    "ioId": "4TKPQS8C96U9",
    "linkIdentifier": "185654890",
    "text": "Artisan Cracker Snacks",
    "href": "/ip/Artisan-Cracker-Snacks/185654890?classType=REGULAR",
    "currentPrice": "current price $161.84",
    "pricePerOz": "N/A",
    "pickup": "Free shipping, arrives in 3+ days",
    "delivery": "N/A",
    "shipping": "N/A"
  },
  {
    "ioId": "196PG8XXV2D8",
    "linkIdentifier": "863907897",
    "text": "Stauffers Original Animal Crackers 24 oz. Bear Jug (2 Containers)",
    "href": "/ip/Stauffers-Original-Animal-Crackers-24-oz-Bear-Jug-2-Containers/863907897?classType=VARIANT",
    "currentPrice": "current price $18.28",
    "pricePerOz": "N/A",
    "pickup": "Free shipping, arrives in 3+ days",
    "delivery": "N/A",
    "shipping": "N/A"
  },
  {
    "ioId": "77N29V8TUBAF",
    "linkIdentifier": "5542249410",
    "text": "Pack Of 6 Quaker Rice Crisps Gluten Free Apple Cinnamon | 0.91 Oz Per Pack | GOLDENROW",
    "href": "/ip/Pack-Of-6-Quaker-Rice-Crisps-Gluten-Free-Apple-Cinnamon-0-91-Oz-Per-Pack-GOLDENROW/5542249410?classType=VARIANT",
    "currentPrice": "current price $7.49",
    "pricePerOz": "+$4.99 shipping",
    "pickup": "Shipping, arrives in 3+ days",
    "delivery": "N/A",
    "shipping": "N/A"
  },
  {
    "ioId": "4XWDBG2DM01T",
    "linkIdentifier": "5228673071",
    "text": "(3 pack) Wheat Thins Sundried Tomato & Basil Whole Grain Wheat Crackers, 8.5 oz",
    "href": "/ip/Wheat-Thins-Sundried-Tomato-Basil-Whole-Grain-Wheat-Crackers-8-5-oz/5228673071?classType=REGULAR",
    "currentPrice": "current price $11.34",
    "pricePerOz": "44.5 ¢/oz",
    "pickup": "Pickup today",
    "delivery": "Delivery today",
    "shipping": "Shipping, arrives tomorrow"
  },
  {
    "ioId": "3CJ63L5DK3V5",
    "linkIdentifier": "5675858929",
    "text": "Nabisco Triscuit Roasted Garlic Crackers 8.5 oz",
    "href": "/ip/Nabisco-Triscuit-Roasted-Garlic-Crackers-8-5-oz/5675858929?classType=REGULAR",
    "currentPrice": "current price Now $3.98",
    "pricePerOz": "$7.49",
    "pickup": "Shipping, arrives in 3+ days",
    "delivery": "N/A",
    "shipping": "N/A"
  },
  {
    "ioId": "2UUAGDFO10O3",
    "linkIdentifier": "5012488385",
    "text": "Frito Lay, Munchies, Crackers, 11.4oz Box (Pack of 4)",
    "href": "/ip/Frito-Lay-Munchies-Crackers-11-4oz-Box-Pack-of-4/5012488385?classType=VARIANT",
    "currentPrice": "current price $28.90",
    "pricePerOz": "N/A",
    "pickup": "Free shipping, arrives in 3+ days",
    "delivery": "N/A",
    "shipping": "N/A"
  },
  {
    "ioId": "4B0E264A7LDX",
    "linkIdentifier": "1496478981",
    "text": "CRACKER BLCK RCE SESAME Pack of 12",
    "href": "/ip/CRACKER-BLCK-RCE-SESAME-Pack-of-12/1496478981?classType=REGULAR",
    "currentPrice": "current price $43.99",
    "pricePerOz": "+$13.86 shipping",
    "pickup": "Shipping, arrives in 3+ days",
    "delivery": "N/A",
    "shipping": "N/A"
  },
  {
    "ioId": "2DEFXKR1JGHS",
    "linkIdentifier": "114605974",
    "text": "Town House Dipping Thins Sea Salt Baked Snack Crackers, Party Snacks, 9 oz",
    "href": "/ip/Town-House-Dipping-Thins-Sea-Salt-Baked-Snack-Crackers-Party-Snacks-9-oz/114605974?classType=REGULAR",
    "currentPrice": "N/A",
    "pricePerOz": "N/A",
    "pickup": "Free shipping, arrives in 3+ days",
    "delivery": "N/A",
    "shipping": "N/A"
  },
  {
    "ioId": "67A7DM22KTC6",
    "linkIdentifier": "5120347267",
    "text": "Wicked Mix 397837 6 oz Jalapeno Cheddar Crackers, Pack of 6",
    "href": "/ip/Wicked-Mix-397837-6-oz-Jalapeno-Cheddar-Crackers-Pack-of-6/5120347267?classType=REGULAR",
    "currentPrice": "current price Now $26.00",
    "pricePerOz": "$44.52",
    "pickup": "Free shipping, arrives in 3+ days",
    "delivery": "N/A",
    "shipping": "N/A"
  },
  {
    "ioId": "602TG0WQS0G5",
    "linkIdentifier": "1383674225",
    "text": "Sanissimo Salmas 7 pc / 0.63 oz Box, Chia & Flaxseed Crackers",
    "href": "/ip/Sanissimo-Salmas-7-pc-0-63-oz-Box-Chia-Flaxseed-Crackers/1383674225?classType=REGULAR",
    "currentPrice": "current price $3.28",
    "pricePerOz": "74.5 ¢/oz",
    "pickup": "Pickup today",
    "delivery": "Delivery today",
    "shipping": "Shipping, arrives tomorrow"
  },
  {
    "ioId": "3BZPSQB4X32S",
    "linkIdentifier": "595608912",
    "text": "Triscuit Thin Crisps Zesty Jalapeno Whole Grain Wheat Crackers, 7.1 oz",
    "href": "/ip/Triscuit-Thin-Crisps-Zesty-Jalapeno-Whole-Grain-Wheat-Crackers-7-1-oz/595608912?classType=VARIANT",
    "currentPrice": "N/A",
    "pricePerOz": "N/A",
    "pickup": "Free shipping, arrives in 3+ days",
    "delivery": "N/A",
    "shipping": "N/A"
  },
  {
    "ioId": "70NP7POD7WND",
    "linkIdentifier": "10292695",
    "text": "Barnum's Original Animal Crackers, 2.13 oz Box",
    "href": "/ip/NABISCO-BARNUMS-ANIMAL-COOKIES/10292695?classType=VARIANT",
    "currentPrice": "current price $8.54",
    "pricePerOz": "$4.07/oz",
    "pickup": "Free shipping, arrives in 3+ days",
    "delivery": "N/A",
    "shipping": "N/A"
  },
  {
    "ioId": "5S18PCO738JN",
    "linkIdentifier": "823116146",
    "text": "Lance Sandwich Cookies, Nekot Peanut Butter, 6 Individually Wrapped Packs, 4 Sandwiches Each",
    "href": "/ip/Lance-Sandwich-Cookies-Nekot-Peanut-Butter-6-Individually-Wrapped-Packs-4-Sandwiches-Each/823116146?classType=REGULAR",
    "currentPrice": "N/A",
    "pricePerOz": "N/A",
    "pickup": "Free shipping, arrives in 3+ days",
    "delivery": "N/A",
    "shipping": "N/A"
  },
  {
    "ioId": "4COZ7BZ4NT2W",
    "linkIdentifier": "180308055",
    "text": "Diamond Bakery Original Hawaiian Soda Crackers, 13 Oz.",
    "href": "/ip/Diamond-Bakery-Original-Hawaiian-Soda-Crackers-13-Oz/180308055?classType=REGULAR",
    "currentPrice": "current price $13.99",
    "pricePerOz": "$1.08/oz",
    "pickup": "Free shipping, arrives in 3+ days",
    "delivery": "N/A",
    "shipping": "N/A"
  },
  {
    "ioId": "1C5H4UUUQNTU",
    "linkIdentifier": "37620543",
    "text": "GOYA Lady Fingers Biscuits 7 oz",
    "href": "/ip/DISCONTINUED-GOYA-LADY-FINGERS/37620543?classType=VARIANT",
    "currentPrice": "current price $6.99",
    "pricePerOz": "99.9 ¢/oz",
    "pickup": "Free shipping, arrives in 3+ days",
    "delivery": "N/A",
    "shipping": "N/A"
  },
  {
    "ioId": "7BSERHQTH63R",
    "linkIdentifier": "104155359",
    "text": "Goldfish Holiday Shapes Cheddar Crackers, 6.6 oz Bag",
    "href": "/ip/Goldfish-Holiday-Shapes-Cheddar-Crackers-6-6-oz-Bag/104155359?classType=REGULAR",
    "currentPrice": "current price $4.99",
    "pricePerOz": "75.6 ¢/oz",
    "pickup": "Shipping, arrives in 3+ days",
    "delivery": "N/A",
    "shipping": "N/A"
  },
  {
    "ioId": "4X3D6UG8O46G",
    "linkIdentifier": "8749311511",
    "text": "Ritz Fresh Stacks Original Crackers, Family Size, 17.8 Oz",
    "href": "/ip/Ritz-Fresh-Stacks-Original-Crackers-Family-Size-17-8-Oz/8749311511?classType=REGULAR",
    "currentPrice": "current price Now $5.50",
    "pricePerOz": "$10.40",
    "pickup": "Shipping, arrives in 3+ days",
    "delivery": "N/A",
    "shipping": "N/A"
  },
  {
    "ioId": "3R0VJX1YT2P0",
    "linkIdentifier": "13656007806",
    "text": "Teddy Grahams Honey Graham Snacks,(pack of 1)",
    "href": "/ip/Teddy-Grahams-Honey-Graham-Snacks-pack-of-1/13656007806?classType=REGULAR",
    "currentPrice": "N/A",
    "pricePerOz": "N/A",
    "pickup": "Free shipping, arrives in 3+ days",
    "delivery": "N/A",
    "shipping": "N/A"
  },
  {
    "ioId": "5S95N4WWSBEV",
    "linkIdentifier": "6411120013",
    "text": "Pack of 2 Barnum's Original Animal Crackers, 12 Snack Packs",
    "href": "/ip/Pack-of-2-Barnum-s-Original-Animal-Crackers-12-Snack-Packs/6411120013?classType=REGULAR",
    "currentPrice": "current price $27.50",
    "pricePerOz": "N/A",
    "pickup": "Free shipping, arrives in 3+ days",
    "delivery": "N/A",
    "shipping": "N/A"
  },
  {
    "ioId": "3FGUM8YZFID5",
    "linkIdentifier": "14569351238",
    "text": "( 2 Pack ) Town House Crackers, Oven Baked, Seasoned 10.2 Oz",
    "href": "/ip/2-Pack-Town-House-Crackers-Oven-Baked-Seasoned-10-2-Oz/14569351238?classType=REGULAR",
    "currentPrice": "current price $17.99",
    "pricePerOz": "N/A",
    "pickup": "Free shipping, arrives in 3+ days",
    "delivery": "N/A",
    "shipping": "N/A"
  },
  {
    "ioId": "1X9T375RMPO7",
    "linkIdentifier": "14993459552",
    "text": "Crunchmaster Gluten Free Multi-Seed Baked Rice Crackers Original - 3.54 oz Pack of 2",
    "href": "/ip/Crunchmaster-Gluten-Free-Multi-Seed-Baked-Rice-Crackers-Original-3-54-oz-Pack-of-2/14993459552?classType=REGULAR",
    "currentPrice": "current price $22.01",
    "pricePerOz": "N/A",
    "pickup": "Free shipping, arrives in 3+ days",
    "delivery": "N/A",
    "shipping": "N/A"
  },
  {
    "ioId": "30WX363DU6MX",
    "linkIdentifier": "283434797",
    "text": "Haitai Ace Cracker, Original, 6.1 Oz",
    "href": "/ip/Haitai-Ace-Cracker-Original-6-1-Oz/283434797?classType=REGULAR",
    "currentPrice": "current price $12.20",
    "pricePerOz": "$2.01/oz",
    "pickup": "Free shipping, arrives in 3+ days",
    "delivery": "N/A",
    "shipping": "N/A"
  },
  {
    "ioId": "59UG48FOACNC",
    "linkIdentifier": "13065565678",
    "text": "Sigdal Bakeri All Natural AIF4Norwegian Crispbread - Non GMO, Sugar Free, High Fiber, Low Carbs, High Protein, Wholegrain Snack Crackers With Up To 46% Seeds (Gluten Free Everything, 2 Pack)",
    "href": "/ip/Sigdal-Bakeri-All-Natural-AIF4-nbsp-Norwegian-Crispbread-Non-GMO-Sugar-Free-High-Fiber-Low-Carbs-Protein-Wholegrain-Snack-Crackers-With-Up-To-46-Seed/13065565678?classType=REGULAR",
    "currentPrice": "current price $35.80",
    "pricePerOz": "N/A",
    "pickup": "Free shipping, arrives in 3+ days",
    "delivery": "N/A",
    "shipping": "N/A"
  },
  {
    "ioId": "6ADJ0FX3K2SP",
    "linkIdentifier": "8873470748",
    "text": "2X - Ritz Cheese Sandwich Crackers, 8 Snack Packs (6 Crackers Per Pack)",
    "href": "/ip/2X-Ritz-Cheese-Sandwich-Crackers-8-Snack-Packs-6-Crackers-Per-Pack/8873470748?classType=REGULAR",
    "currentPrice": "current price $11.70",
    "pricePerOz": "+$11.99 shipping",
    "pickup": "Shipping, arrives in 3+ days",
    "delivery": "N/A",
    "shipping": "N/A"
  },
  {
    "ioId": "6GUF2XC08S05",
    "linkIdentifier": "5300162615",
    "text": "Cheez-It Snap'd Variety Pack Cheese Cracker Chips, Thin Crisps, 20 Count",
    "href": "/ip/Cheez-It-Snap-d-Variety-Pack-Cheese-Cracker-Chips-Thin-Crisps-20-Count/5300162615?classType=REGULAR",
    "currentPrice": "current price $9.86",
    "pricePerOz": "65.7 ¢/oz",
    "pickup": "Shipping, arrives in 2 days",
    "delivery": "N/A",
    "shipping": "N/A"
  },
  {
    "ioId": "2W6W2CZUOAMH",
    "linkIdentifier": "35213418",
    "text": "Stauffer's Animal Crackers Original, 24 oz Shelf-Stable Bear Jug",
    "href": "/ip/Stauffer-s-Original-Animal-Crackers-24-oz/35213418?classType=VARIANT",
    "currentPrice": "current price $5.78",
    "pricePerOz": "24.1 ¢/oz",
    "pickup": "Shipping, arrives in 2 days",
    "delivery": "N/A",
    "shipping": "N/A"
  },
  {
    "ioId": "128457R51C5F",
    "linkIdentifier": "138412234",
    "text": "crunchmaster 5 seed multi-grain crackers 10 oz, 2",
    "href": "/ip/crunchmaster-5-seed-multi-grain-crackers-10-oz-2/138412234?classType=REGULAR",
    "currentPrice": "current price $18.83",
    "pricePerOz": "N/A",
    "pickup": "Free shipping, arrives in 3+ days",
    "delivery": "N/A",
    "shipping": "N/A"
  },
  {
    "ioId": "46SGYAZX49TC",
    "linkIdentifier": "462457119",
    "text": "Lijjat Jeera Papad (Cumin Papad) 200g (7 oz)",
    "href": "/ip/Lijjat-Jeera-Papad-Cumin-Papad-200g-7-oz/462457119?classType=VARIANT",
    "currentPrice": "current price $9.49",
    "pricePerOz": "N/A",
    "pickup": "Free shipping, arrives in 3+ days",
    "delivery": "N/A",
    "shipping": "N/A"
  },
  {
    "ioId": "6071NKIUX0X9",
    "linkIdentifier": "282999986",
    "text": "Crunchmaster Multi-Grain Crackers - Sea Salt - 4 oz",
    "href": "/ip/Crunchmaster-Multi-Grain-Crackers-Sea-Salt-4-oz/282999986?classType=REGULAR",
    "currentPrice": "current price $5.04",
    "pricePerOz": "$1.26/oz",
    "pickup": "Shipping, arrives in 3+ days",
    "delivery": "N/A",
    "shipping": "N/A"
  },
  {
    "ioId": "2YUZ8L6BN92P",
    "linkIdentifier": "11870119111",
    "text": "(3 pack) Mary's Gone Crackers Organic Original Crackers, 4 oz",
    "href": "/ip/Mary-s-Gone-Crackers-Organic-Original-Crackers-4-oz/11870119111?classType=REGULAR",
    "currentPrice": "current price $11.94",
    "pricePerOz": "99.5 ¢/oz",
    "pickup": "Shipping, arrives tomorrow",
    "delivery": "N/A",
    "shipping": "N/A"
  },
  {
    "ioId": "5MG8B8K99J5X",
    "linkIdentifier": "1709593226",
    "text": "Craize: Crackers Corn Everything, 4 Oz Pack Of 6",
    "href": "/ip/Craize-Crackers-Corn-Everything-4-Oz-Pack-Of-6/1709593226?classType=REGULAR",
    "currentPrice": "current price $23.62",
    "pricePerOz": "+$13.86 shipping",
    "pickup": "Shipping, arrives in 3+ days",
    "delivery": "N/A",
    "shipping": "N/A"
  },
  {
    "ioId": "19T9BJ716JMF",
    "linkIdentifier": "866688368",
    "text": "(Price/Case)Appleways Whole Grain Individually Wrapped Veggie Cracker, 1 Count, 108 per case",
    "href": "/ip/Price-Case-Appleways-Whole-Grain-Individually-Wrapped-Veggie-Cracker-1-Count-108-per-case/866688368?classType=REGULAR",
    "currentPrice": "current price $66.94",
    "pricePerOz": "N/A",
    "pickup": "Free shipping, arrives in 3+ days",
    "delivery": "N/A",
    "shipping": "N/A"
  },
  {
    "ioId": "3RRJ8DSM16OW",
    "linkIdentifier": "10789397",
    "text": "Kellogg's Cinnamon Baked Graham Cracker Sticks, Lunch Snacks, 11 oz",
    "href": "/ip/Kellogg-s-Cinnamon-Baked-Graham-Cracker-Sticks-Lunch-Snacks-11-oz/10789397?classType=VARIANT&athbdg=L1600",
    "currentPrice": "current price $3.46",
    "pricePerOz": "31.5 ¢/oz",
    "pickup": "Pickup today",
    "delivery": "Delivery today",
    "shipping": "N/A"
  },
  {
    "ioId": "3OC3C3A9VD6R",
    "linkIdentifier": "16940713",
    "text": "34 Degrees Crackers, Original Entertaining Crisps, 4.5 oz",
    "href": "/ip/34-Degrees-Crackers-Original-Entertaining-Crisps-4-5-oz/16940713?classType=REGULAR",
    "currentPrice": "current price $9.95",
    "pricePerOz": "$2.21/oz",
    "pickup": "Shipping, arrives in 2 days",
    "delivery": "N/A",
    "shipping": "N/A"
  },
  {
    "ioId": "0WTNGZM51GBK",
    "linkIdentifier": "9516814024",
    "text": "La Panzanella Croccantini Original Mini 3 oz (Pack Of 12)",
    "href": "/ip/La-Panzanella-Croccantini-Original-Mini-3-oz-Pack-Of-12/9516814024?classType=VARIANT",
    "currentPrice": "current price $55.98",
    "pricePerOz": "N/A",
    "pickup": "Free shipping, arrives in 3+ days",
    "delivery": "N/A",
    "shipping": "N/A"
  },
  {
    "ioId": "3UNSX3SIK1GX",
    "linkIdentifier": "1986800477",
    "text": "Streit's Egg Matzo Kosher Crackers,12 oz. 6 Pack",
    "href": "/ip/Streit-s-Egg-Matzo-Kosher-Crackers-12-oz-6-Pack/1986800477?classType=REGULAR",
    "currentPrice": "current price $29.99",
    "pricePerOz": "+$7.00 shipping",
    "pickup": "Shipping, arrives in 3+ days",
    "delivery": "N/A",
    "shipping": "N/A"
  },
  {
    "ioId": "37Z8S4DTSMDR",
    "linkIdentifier": "9264252269",
    "text": "Milton's Gourmet Crackers Multigrain Original 8.4 oz (Pack Of 8)",
    "href": "/ip/Milton-s-Gourmet-Crackers-Multigrain-Original-8-4-oz-Pack-Of-8/9264252269?classType=VARIANT",
    "currentPrice": "current price $58.98",
    "pricePerOz": "N/A",
    "pickup": "Free shipping, arrives in 3+ days",
    "delivery": "N/A",
    "shipping": "N/A"
  },
  {
    "ioId": "3LFF8C6NQI1D",
    "linkIdentifier": "9382316033",
    "text": "(Pack of 12) Dare Breton Sesame Crackers, 7 oz",
    "href": "/ip/Pack-of-12-Dare-Breton-Sesame-Crackers-7-oz/9382316033?classType=REGULAR",
    "currentPrice": "current price $39.29",
    "pricePerOz": "+$13.86 shipping",
    "pickup": "Shipping, arrives in 3+ days",
    "delivery": "N/A",
    "shipping": "N/A"
  },
  {
    "ioId": "5EDWAI3WW66Q",
    "linkIdentifier": "8656807163",
    "text": "2X-KR Original Saltines Crackers - 16 oz",
    "href": "/ip/2X-KR-Original-Saltines-Crackers-16-oz/8656807163?classType=REGULAR",
    "currentPrice": "N/A",
    "pricePerOz": "N/A",
    "pickup": "Free shipping, arrives in 3+ days",
    "delivery": "N/A",
    "shipping": "N/A"
  },
  {
    "ioId": "1C7UFW57TQM4",
    "linkIdentifier": "917010257",
    "text": "RITZ Original Crackers, Party Size, 27.4 oz",
    "href": "/ip/RITZ-Original-Crackers-Party-Size-27-4-oz/917010257?classType=VARIANT",
    "currentPrice": "current price $5.98",
    "pricePerOz": "21.8 ¢/oz",
    "pickup": "Pickup today",
    "delivery": "Delivery today",
    "shipping": "Shipping, arrives tomorrow"
  },
  {
    "ioId": "2MEN47XJTPEA",
    "linkIdentifier": "9518014434",
    "text": "Carr's Table Water Crackers, 4.25 Ounce YUN12 YUN12",
    "href": "/ip/Carr-s-Table-Water-Crackers-4-25-Ounce-YUN12-YUN12/9518014434?classType=REGULAR",
    "currentPrice": "current price $7.93",
    "pricePerOz": "N/A",
    "pickup": "Free shipping, arrives in 3+ days",
    "delivery": "N/A",
    "shipping": "N/A"
  },
  {
    "ioId": "27L87860C9FO",
    "linkIdentifier": "2171138011",
    "text": "Julian Bakery Paleo Thin Crackers, Salt & Pepper, Organic-12 x 8.4 oz",
    "href": "/ip/Julian-Bakery-Paleo-Thin-Crackers-Salt-Pepper-Organic-12-x-8-4-oz/2171138011?classType=VARIANT",
    "currentPrice": "current price $196.42",
    "pricePerOz": "N/A",
    "pickup": "Free shipping, arrives in 3+ days",
    "delivery": "N/A",
    "shipping": "N/A"
  },
  {
    "ioId": "37I05UVEH52H",
    "linkIdentifier": "5533795669",
    "text": "Nabisco Premium Original Sea Salt Saltine Crackers 16 oz",
    "href": "/ip/Nabisco-Premium-Original-Sea-Salt-Saltine-Crackers-16-oz/5533795669?classType=REGULAR",
    "currentPrice": "current price $7.00",
    "pricePerOz": "+$7.99 shipping",
    "pickup": "Shipping, arrives in 3+ days",
    "delivery": "N/A",
    "shipping": "N/A"
  },
  {
    "ioId": "3SKD9WD0IFJQ",
    "linkIdentifier": "1482542503",
    "text": "Back to Nature Gluten Free Crackers, Non-GMO Multi-Seed Rice Thins, 4 Ounce",
    "href": "/ip/Back-to-Nature-Gluten-Free-Crackers-Non-GMO-Multi-Seed-Rice-Thins-4-Ounce/1482542503?classType=REGULAR",
    "currentPrice": "current price $6.95",
    "pricePerOz": "+$9.99 shipping",
    "pickup": "Shipping, arrives in 3+ days",
    "delivery": "N/A",
    "shipping": "N/A"
  },
  {
    "ioId": "6DPD5677KEFB",
    "linkIdentifier": "121924662",
    "text": "Simple Mills Organic Seed Flour Crackers, Original Sea Salt, Gluten-Free, 4.25 oz",
    "href": "/ip/Simple-Mills-Organic-Seed-Flour-Crackers-Original-Sea-Salt-Gluten-Free-4-25-oz/121924662?classType=VARIANT",
    "currentPrice": "current price $4.93",
    "pricePerOz": "$1.15/oz",
    "pickup": "Shipping, arrives tomorrow",
    "delivery": "N/A",
    "shipping": "N/A"
  },
  {
    "ioId": "668OUCEW73RI",
    "linkIdentifier": "51643169",
    "text": "Cheez-It Original Cheese Crackers, Baked Snack Crackers, 30 Count",
    "href": "/ip/Cheez-It-Original-Baked-Snack-Crackers-1-oz-30-count/51643169?classType=REGULAR",
    "currentPrice": "current price $12.86",
    "pricePerOz": "42.9 ¢/oz",
    "pickup": "Pickup today",
    "delivery": "Delivery today",
    "shipping": "Shipping, arrives tomorrow"
  },
  {
    "ioId": "5F904GGM3NPF",
    "linkIdentifier": "13106654712",
    "text": "RITZ Toasted 1PACK,Chips Sour Cream and Onion Crackers,",
    "href": "/ip/RITZ-Toasted-1PACK-Chips-Sour-Cream-and-Onion-Crackers/13106654712?classType=REGULAR",
    "currentPrice": "current price $7.99",
    "pricePerOz": "+$5.99 shipping",
    "pickup": "Shipping, arrives in 3+ days",
    "delivery": "N/A",
    "shipping": "N/A"
  },
  {
    "ioId": "6YV66Q4RBA69",
    "linkIdentifier": "1337985742",
    "text": "Club Sour Cream and Onion Cracker Crisps, Baked Snack Crackers, 7.1 oz",
    "href": "/ip/Club-Sour-Cream-and-Onion-Cracker-Crisps-Baked-Snack-Crackers-7-1-oz/1337985742?classType=VARIANT",
    "currentPrice": "current price $10.45",
    "pricePerOz": "$1.47/oz",
    "pickup": "Free shipping, arrives in 3+ days",
    "delivery": "N/A",
    "shipping": "N/A"
  },
  {
    "ioId": "3C73EHUP8CO5",
    "linkIdentifier": "159175763",
    "text": "Colombina, Crakeas, Butter Crackers, 5.7 oz, 6 pack",
    "href": "/ip/Colombina-Crake-as-Butter-Crackers-5-7-oz-6-pack/159175763?classType=REGULAR",
    "currentPrice": "current price $3.38",
    "pricePerOz": "59.3 ¢/oz",
    "pickup": "Shipping, arrives in 3+ days",
    "delivery": "N/A",
    "shipping": "N/A"
  },
  {
    "ioId": "1XBHN85DN1HU",
    "linkIdentifier": "119660402",
    "text": "Lance Sandwich Crackers, ToastChee Cheddar, 8 Individually Wrapped Packs, 6 Sandwiches Each",
    "href": "/ip/Lance-Sandwich-Crackers-ToastChee-Cheddar-8-Individually-Wrapped-Packs-6-Sandwiches-Each/119660402?classType=REGULAR",
    "currentPrice": "current price $6.97",
    "pricePerOz": "61.7 ¢/oz",
    "pickup": "Free shipping, arrives in 3+ days",
    "delivery": "N/A",
    "shipping": "N/A"
  },
  {
    "ioId": "2UN1Q1MHI5T3",
    "linkIdentifier": "163671855",
    "text": "Diamond Bakery Original Hawaiian Royal Creme Crackers, 8 Oz.",
    "href": "/ip/Diamond-Bakery-Original-Hawaiian-Royal-Creme-Crackers-8-Oz/163671855?classType=REGULAR",
    "currentPrice": "current price $13.79",
    "pricePerOz": "$1.72/oz",
    "pickup": "Free shipping, arrives in 3+ days",
    "delivery": "N/A",
    "shipping": "N/A"
  },
  {
    "ioId": "74VQCJDBZRBD",
    "linkIdentifier": "688217595",
    "text": "Kellogg's Variety Pack Sweet and Salty, Lunch Snacks, 12 Count",
    "href": "/ip/Kellogg-s-Variety-Pack-Sweet-and-Salty-Lunch-Snacks-12-Count/688217595?classType=VARIANT",
    "currentPrice": "current price $14.95",
    "pricePerOz": "$1.25/oz",
    "pickup": "Free shipping, arrives in 3+ days",
    "delivery": "N/A",
    "shipping": "N/A"
  },
  {
    "ioId": "5ZC9NDH2S3AA",
    "linkIdentifier": "10413168",
    "text": "Manischewitz Matzos, Original, 10 oz",
    "href": "/ip/Manischewitz-Unsalted-Not-For-Passover-Matzos-Crackers-10-oz/10413168?classType=REGULAR",
    "currentPrice": "current price $2.98",
    "pricePerOz": "29.8 ¢/oz",
    "pickup": "N/A",
    "delivery": "N/A",
    "shipping": "N/A"
  },
  {
    "ioId": "18GOK97B3MW0",
    "linkIdentifier": "14657413244",
    "text": "Keebler Cheese & Peanut Butter Sandwich Crackers - 11oz/8ct",
    "href": "/ip/Keebler-Cheese-Peanut-Butter-Sandwich-Crackers-11oz-8ct/14657413244?classType=undefined",
    "currentPrice": "N/A",
    "pricePerOz": "N/A",
    "pickup": "N/A",
    "delivery": "N/A",
    "shipping": "N/A"
  },
  {
    "ioId": "1WQDN90Y4ZYP",
    "linkIdentifier": "12743100433",
    "text": "Biscuit Sarubia Cracker 60g (Pack of 4)",
    "href": "/ip/Biscuit-Sarubia-Cracker-60g-Pack-of-4/12743100433?classType=undefined",
    "currentPrice": "N/A",
    "pricePerOz": "N/A",
    "pickup": "N/A",
    "delivery": "N/A",
    "shipping": "N/A"
  },
  {
    "ioId": "58S2VCUGZOO3",
    "linkIdentifier": "7661521632",
    "text": "Ritz Fresh Stacks Original Crackers, Family Size, 17.8 Oz",
    "href": "/ip/Ritz-Fresh-Stacks-Original-Crackers-Family-Size-17-8-Oz/7661521632?classType=REGULAR",
    "currentPrice": "current price $14.00",
    "pricePerOz": "N/A",
    "pickup": "Free shipping, arrives in 3+ days",
    "delivery": "N/A",
    "shipping": "N/A"
  },
  {
    "ioId": "591MGUZNX52U",
    "linkIdentifier": "924265713",
    "text": "Pepperidge Farm Goldfish Cheddar Crackers, 200g/7oz",
    "href": "/ip/Pepperidge-Farm-Goldfish-Cheddar-Crackers-200g-7oz-Imported-from-Canada/924265713?classType=VARIANT",
    "currentPrice": "N/A",
    "pricePerOz": "N/A",
    "pickup": "Free shipping, arrives in 3+ days",
    "delivery": "N/A",
    "shipping": "N/A"
  },
  {
    "ioId": "4IJNDPTZ5EZ8",
    "linkIdentifier": "180940090",
    "text": "Wasa Thins Sesame & Sea Salt Flatbread Crackers 6.7 oz",
    "href": "/ip/Wasa-Thins-Swedish-Style-Sesame-Sea-Salt-Flatbread-6-7-oz/180940090?classType=VARIANT",
    "currentPrice": "current price $8.38",
    "pricePerOz": "$1.25/oz",
    "pickup": "Free shipping, arrives in 3+ days",
    "delivery": "N/A",
    "shipping": "N/A"
  },
  {
    "ioId": "2K3E1HYHE81C",
    "linkIdentifier": "849984242",
    "text": "R. W. Garcia HG2641058 5.5 oz 3 Seed Kale Crackers - Case of 6",
    "href": "/ip/R-W-Garcia-Crackers-3-Seed-Kale/849984242?classType=REGULAR",
    "currentPrice": "current price $46.56",
    "pricePerOz": "N/A",
    "pickup": "Free shipping, arrives in 3+ days",
    "delivery": "N/A",
    "shipping": "N/A"
  },
  {
    "ioId": "7K99ARW6JCO9",
    "linkIdentifier": "8647709579",
    "text": "2X-Goldfish Grahams Vanilla Cupcake Crackers Snack Crackers - 6.6 oz",
    "href": "/ip/2X-Goldfish-Grahams-Vanilla-Cupcake-Crackers-Snack-Crackers-6-6-oz/8647709579?classType=REGULAR",
    "currentPrice": "current price $19.00",
    "pricePerOz": "N/A",
    "pickup": "Free shipping, arrives in 3+ days",
    "delivery": "N/A",
    "shipping": "N/A"
  },
  {
    "ioId": "75JN2D38VI2U",
    "linkIdentifier": "2375384669",
    "text": "Christie Ritz Bacon Dippers Crackers, Smoky Bacon Flavor 200g/7 oz",
    "href": "/ip/Christie-Ritz-Bacon-Dippers-Crackers-Smoky-Bacon-Flavor-200g-7-oz-Box/2375384669?classType=REGULAR",
    "currentPrice": "current price Now $5.25",
    "pricePerOz": "$16.99",
    "pickup": "Shipping, arrives in 3+ days",
    "delivery": "N/A",
    "shipping": "N/A"
  },
  {
    "ioId": "7JY4UIR7A15V",
    "linkIdentifier": "15195356575",
    "text": "Lance Sandwich Crackers, Variety XEF1Pack, 3 Flavors, 20 Individually Wrapped Packs, 6 Sandwiches Each",
    "href": "/ip/Lance-Sandwich-Crackers-Variety-XEF1-nbsp-Pack-3-Flavors-20-Individually-Wrapped-Packs-6-Sandwiches-Each/15195356575?classType=REGULAR",
    "currentPrice": "current price $11.95",
    "pricePerOz": "N/A",
    "pickup": "Free shipping, arrives in 3+ days",
    "delivery": "N/A",
    "shipping": "N/A"
  },
  {
    "ioId": "2CNH70IQTIJC",
    "linkIdentifier": "1161873145",
    "text": "Dick & Jane President Educational Snack Crackers, 1 Ounces, 120 Per Case",
    "href": "/ip/Dick-Jane-President-Educational-Snack-Crackers-1-Ounces-120-Per-Case/1161873145?classType=REGULAR",
    "currentPrice": "current price Now $52.63",
    "pricePerOz": "$58.97",
    "pickup": "Free shipping, arrives in 3+ days",
    "delivery": "N/A",
    "shipping": "N/A"
  },
  {
    "ioId": "75X2M1EQHX2D",
    "linkIdentifier": "5068278788",
    "text": "Oishi Prawn Crackers Classic Regular Small Pack of 10",
    "href": "/ip/Oishi-Prawn-Crackers-Classic-Regular-Small-Pack-of-10/5068278788?classType=VARIANT",
    "currentPrice": "current price Now $25.60",
    "pricePerOz": "$28.97",
    "pickup": "Free shipping, arrives in 3+ days",
    "delivery": "N/A",
    "shipping": "N/A"
  },
  {
    "ioId": "60DW8S0XCC77",
    "linkIdentifier": "141071699",
    "text": "Carrs Table Water Crackers Variety Pack 6-count",
    "href": "/ip/Carrs-Table-Water-Crackers-Variety-Pack-6-count/141071699?classType=REGULAR",
    "currentPrice": "current price $27.99",
    "pricePerOz": "N/A",
    "pickup": "Shipping, arrives in 2 days",
    "delivery": "N/A",
    "shipping": "N/A"
  },
  {
    "ioId": "6TEUTTTI1FXE",
    "linkIdentifier": "1745222835",
    "text": "Ritz Crackers, Everything, 13.7 oz Two- 13.7 oz boxes",
    "href": "/ip/Ritz-Crackers-Everything-13-7-Oz-Two-13-7-Oz-Boxes/1745222835?classType=VARIANT",
    "currentPrice": "current price $26.28",
    "pricePerOz": "N/A",
    "pickup": "Free shipping, arrives in 3+ days",
    "delivery": "N/A",
    "shipping": "N/A"
  },
  {
    "ioId": "1PZAUTUX3V08",
    "linkIdentifier": "19757431",
    "text": "Cheez-It Original Cheese Crackers, Baked Snack Crackers, 3 oz",
    "href": "/ip/Morningstar-Farms-Grillers-Chik-n-Veggie-Patties-4ct/19757431?classType=REGULAR",
    "currentPrice": "N/A",
    "pricePerOz": "N/A",
    "pickup": "Free shipping, arrives in 3+ days",
    "delivery": "N/A",
    "shipping": "N/A"
  },
  {
    "ioId": "4CDTO2T2NQMO",
    "linkIdentifier": "155312176",
    "text": "Gamesa Sabrosas Buttery Crackers, 3.45 Oz.",
    "href": "/ip/Gamesa-Sabrosas-Buttery-Crackers-3-45-Oz/155312176?classType=REGULAR",
    "currentPrice": "current price $7.99",
    "pricePerOz": "$2.32/oz",
    "pickup": "Free shipping, arrives in 3+ days",
    "delivery": "N/A",
    "shipping": "N/A"
  },
  {
    "ioId": "2REHTE80GHMW",
    "linkIdentifier": "5230622315",
    "text": "(3 pack) RITZ Crisp and Thins Original with Creamy Onion and Sea Salt Chips, 7.1 oz",
    "href": "/ip/RITZ-Crisp-and-Thins-Original-with-Creamy-Onion-and-Sea-Salt-Chips-7-1-oz/5230622315?classType=REGULAR&athbdg=L1300",
    "currentPrice": "current price Now $10.38",
    "pricePerOz": "$11.76",
    "pickup": "Pickup today",
    "delivery": "Delivery today",
    "shipping": "Shipping, arrives tomorrow"
  },
  {
    "ioId": "1N92EOYPGNKS",
    "linkIdentifier": "5599285409",
    "text": "1 Pack of Trader Joes Everything but the Bagel Seasoned Crackers| 10 Ounce a Pack",
    "href": "/ip/1-Pack-of-Trader-Joe-s-Everything-but-the-Bagel-Seasoned-Crackers-10-Ounce-a-Pack/5599285409?classType=VARIANT",
    "currentPrice": "N/A",
    "pricePerOz": "N/A",
    "pickup": "Free shipping, arrives in 3+ days",
    "delivery": "N/A",
    "shipping": "N/A"
  },
  {
    "ioId": "5SV9GGW7OJ1G",
    "linkIdentifier": "38446639",
    "text": "34 Degrees Crackers, Sesame Entertaining Crisps, 4.5 oz",
    "href": "/ip/34-Degrees-Crackers-Sesame-Entertaining-Crisps-4-5-oz/38446639?classType=REGULAR",
    "currentPrice": "current price $12.97",
    "pricePerOz": "$2.88/oz",
    "pickup": "Free shipping, arrives in 3+ days",
    "delivery": "N/A",
    "shipping": "N/A"
  },
  {
    "ioId": "39EHGAXI7JLT",
    "linkIdentifier": "503949574",
    "text": "Schar Gluten Free Lactose Free Wheat Free Rosemary Table Crackers, 7.4 oz [Pack of 5]",
    "href": "/ip/Schar-Gluten-Free-Lactose-Free-Wheat-Free-Rosemary-Table-Crackers-7-4-oz-Pack-of-5/503949574?classType=REGULAR",
    "currentPrice": "current price $40.48",
    "pricePerOz": "N/A",
    "pickup": "Free shipping, arrives in 3+ days",
    "delivery": "N/A",
    "shipping": "N/A"
  },
  {
    "ioId": "2W3SQUUXOXO6",
    "linkIdentifier": "228324410",
    "text": "Dare Breton Original Bites Crackers, 200g/7 oz. Box {Imported from Canada}",
    "href": "/ip/Dare-Breton-Original-Bites-Crackers-200g-7-oz-Box-Imported-from-Canada/228324410?classType=REGULAR",
    "currentPrice": "current price $14.99",
    "pricePerOz": "N/A",
    "pickup": "Free shipping, arrives in 3+ days",
    "delivery": "N/A",
    "shipping": "N/A"
  },
  {
    "ioId": "3E5P53P5LR60",
    "linkIdentifier": "1371428152",
    "text": "Dux Wheat Crackers, 8.82 Ounce",
    "href": "/ip/Dux-Wheat-Crackers-8-82-Ounce/1371428152?classType=REGULAR",
    "currentPrice": "current price $7.95",
    "pricePerOz": "N/A",
    "pickup": "Shipping, arrives in 2 days",
    "delivery": "N/A",
    "shipping": "N/A"
  },
  {
    "ioId": "13UQ59XAUZ9T",
    "linkIdentifier": "150315056",
    "text": "PamelaS Products Graham Crackers Honey, 7.5 Oz",
    "href": "/ip/Pamela-S-Products-Graham-Crackers-Honey-7-5-Oz/150315056?classType=REGULAR",
    "currentPrice": "current price $7.99",
    "pricePerOz": "$1.07/oz",
    "pickup": "Shipping, arrives in 3+ days",
    "delivery": "N/A",
    "shipping": "N/A"
  },
  {
    "ioId": "6VDNT6ON5W89",
    "linkIdentifier": "8672710360",
    "text": "Pack of 2 - Triscuit Hint Of Sea Salt Whole Grain Vegan Crackers 8.5 oz",
    "href": "/ip/2X-Triscuit-Hint-Of-Sea-Salt-Whole-Grain-Vegan-Crackers-8-5-oz/8672710360?classType=REGULAR",
    "currentPrice": "current price $11.99",
    "pricePerOz": "+$9.98 shipping",
    "pickup": "Shipping, arrives in 3+ days",
    "delivery": "N/A",
    "shipping": "N/A"
  },
  {
    "ioId": "5BGGGPKCGGW0",
    "linkIdentifier": "696720168",
    "text": "Japanese Rice Cracker -Amanoya M-Size Himemaru Wasabi 3.0 oz",
    "href": "/ip/Japanese-Rice-Cracker-Amanoya-M-Size-Himemaru-Wasabi-3-0-oz/696720168?classType=REGULAR",
    "currentPrice": "current price $11.99",
    "pricePerOz": "N/A",
    "pickup": "Free shipping, arrives in 3+ days",
    "delivery": "N/A",
    "shipping": "N/A"
  },
  {
    "ioId": "2J0V55G0RXQJ",
    "linkIdentifier": "214891520",
    "text": "Want Want Senbei Rice Crackers, 10 Ct",
    "href": "/ip/Want-Want-Senbei-Rice-Crackers-10-Ct/214891520?classType=REGULAR",
    "currentPrice": "current price $7.99",
    "pricePerOz": "N/A",
    "pickup": "Free shipping, arrives in 3+ days",
    "delivery": "N/A",
    "shipping": "N/A"
  },
  {
    "ioId": "2C83A5CTCRYK",
    "linkIdentifier": "3474423522",
    "text": "Rustic Bakery - Organic Flatbread Bites Family pack",
    "href": "/ip/Rustic-Bakery-Organic-Flatbread-Bites-Family-pack/3474423522?classType=REGULAR",
    "currentPrice": "current price Now $18.69",
    "pricePerOz": "$24.00",
    "pickup": "Free shipping, arrives in 3+ days",
    "delivery": "N/A",
    "shipping": "N/A"
  },
  {
    "ioId": "3W9EX9DZAELD",
    "linkIdentifier": "5229221580",
    "text": "(3 pack) Triscuit Roasted Garlic Whole Grain Wheat Crackers, 8.5 oz",
    "href": "/ip/Triscuit-Roasted-Garlic-Whole-Grain-Wheat-Crackers-8-5-oz/5229221580?classType=REGULAR",
    "currentPrice": "current price $11.34",
    "pricePerOz": "$3.78/ea",
    "pickup": "Pickup today",
    "delivery": "Delivery today",
    "shipping": "Shipping, arrives tomorrow"
  },
  {
    "ioId": "3Q5N6HH70ON9",
    "linkIdentifier": "5675908782",
    "text": "Nabisco Premium Fresh Stacks Original Saltine Crackers 13.6 oz",
    "href": "/ip/Nabisco-Premium-Fresh-Stacks-Original-Saltine-Crackers-13-6-oz/5675908782?classType=REGULAR&athbdg=L1700",
    "currentPrice": "N/A",
    "pricePerOz": "N/A",
    "pickup": "Free shipping, arrives in 3+ days",
    "delivery": "N/A",
    "shipping": "N/A"
  },
  {
    "ioId": "0S23C52XNAS7",
    "linkIdentifier": "5309756434",
    "text": "Cheez-It Cheddar Sour Cream and Onion Cheese Cracker Chips, Thin Crisps, 12 Count",
    "href": "/ip/Cheez-It-Cheddar-Sour-Cream-and-Onion-Cheese-Cracker-Chips-Thin-Crisps-12-Count/5309756434?classType=VARIANT",
    "currentPrice": "current price $6.48",
    "pricePerOz": "72.0 ¢/oz",
    "pickup": "Shipping, arrives tomorrow",
    "delivery": "N/A",
    "shipping": "N/A"
  },
  {
    "ioId": "39O2N468DZWG",
    "linkIdentifier": "10880173344",
    "text": "Breton Multigrain Crackers, 7.3 OIF8Ounce (Pack of 3)",
    "href": "/ip/Breton-Multigrain-Crackers-7-3-OIF8-nbsp-Ounce-Pack-of-3/10880173344?classType=REGULAR",
    "currentPrice": "N/A",
    "pricePerOz": "N/A",
    "pickup": "Free shipping, arrives in 3+ days",
    "delivery": "N/A",
    "shipping": "N/A"
  },
  {
    "ioId": "350UIOA1IFMW",
    "linkIdentifier": "437469774",
    "text": "Stauffers Original Animal Crackers- 2-Pack 32 oz. Bags",
    "href": "/ip/Stauffers-Original-Animal-Crackers-2-Pack-32-oz-Bags/437469774?classType=REGULAR",
    "currentPrice": "current price Now $10.47",
    "pricePerOz": "$12.76",
    "pickup": "Shipping, arrives in 3+ days",
    "delivery": "N/A",
    "shipping": "N/A"
  },
  {
    "ioId": "466WM9SAC1T2",
    "linkIdentifier": "6931322931",
    "text": "RITZ Fudge Covered Holiday Crackers, Limited Edition, 7.8 oz",
    "href": "/ip/NABISCO-RITZ-FUDGE-COVERED-CRACKERS-7-8-OZ/6931322931?classType=VARIANT",
    "currentPrice": "current price $3.98",
    "pricePerOz": "51.0 ¢/oz",
    "pickup": "Shipping, arrives in 3+ days",
    "delivery": "N/A",
    "shipping": "N/A"
  },
  {
    "ioId": "11YVXJ8S04C6",
    "linkIdentifier": "17195387",
    "text": "Dare Toasted Sesame Water Crackers, 12ct (Pack of 12)",
    "href": "/ip/Dare-Toasted-Sesame-Water-Crackers-12ct-Pack-of-12/17195387?classType=REGULAR",
    "currentPrice": "current price $35.86",
    "pricePerOz": "N/A",
    "pickup": "Free shipping, arrives in 3+ days",
    "delivery": "N/A",
    "shipping": "N/A"
  },
  {
    "ioId": "6G3OLU0IWOTH",
    "linkIdentifier": "11532161102",
    "text": "Trader Joe's Fig & Olive Snack Crackers, 5.3oz, 1 Pack",
    "href": "/ip/Trader-Joe-s-Fig-Olive-Crisps-5-3oz-Pack-1/11532161102?classType=VARIANT",
    "currentPrice": "current price $11.30",
    "pricePerOz": "N/A",
    "pickup": "Free shipping, arrives in 3+ days",
    "delivery": "N/A",
    "shipping": "N/A"
  },
  {
    "ioId": "3PB866QH408O",
    "linkIdentifier": "1028792508",
    "text": "Keebler Cheez-It Crackers 1.5oz Single-Serving Snack Pack 8 Packs/Box",
    "href": "/ip/Keebler-Cheez-It-Crackers-1-5oz-Single-Serving-Snack-Pack-8-Packs-Box/1028792508?classType=REGULAR",
    "currentPrice": "current price $24.40",
    "pricePerOz": "N/A",
    "pickup": "Free shipping, arrives in 3+ days",
    "delivery": "N/A",
    "shipping": "N/A"
  },
  {
    "ioId": "727S8KRPTNLY",
    "linkIdentifier": "617739031",
    "text": "Goldfish Crackers Big Smiles with Cheddar, Colors, and Pretzel Crackers, Snack Pack, 30 CT Variety Pack Box",
    "href": "/ip/Goldfish-Crackers-Big-Smiles-with-Cheddar-Colors-and-Pretzel-Crackers-Snack-Pack-30-CT-Variety-Pack-Box/617739031?classType=REGULAR",
    "currentPrice": "current price $16.99",
    "pricePerOz": "N/A",
    "pickup": "Free shipping, arrives in 3+ days",
    "delivery": "N/A",
    "shipping": "N/A"
  },
  {
    "ioId": "4XNF9UGORZ45",
    "linkIdentifier": "923758030",
    "text": "M.M Animal Crackers Peanut-Free (5 lbs.)",
    "href": "/ip/M-M-Animal-Crackers-Peanut-Free-5-lbs/923758030?classType=REGULAR",
    "currentPrice": "current price $16.49",
    "pricePerOz": "N/A",
    "pickup": "Free shipping, arrives in 3+ days",
    "delivery": "N/A",
    "shipping": "N/A"
  },
  {
    "ioId": "303U2VPNZ0EQ",
    "linkIdentifier": "5535668341",
    "text": "Flavor Originals Sociables Baked Savory Crackers - 7.5 oz",
    "href": "/ip/NABISCO-Flavor-Originals-Sociables-Baked-Savory-Crackers-7-5-oz/5535668341?classType=REGULAR",
    "currentPrice": "N/A",
    "pricePerOz": "N/A",
    "pickup": "Free shipping, arrives in 3+ days",
    "delivery": "N/A",
    "shipping": "N/A"
  },
  {
    "ioId": "5I0GXJC3OFXE",
    "linkIdentifier": "5502665316",
    "text": "Pepperidge Farm Cheddar Goldfish Crackers, 1 Ounce, Pack of 45",
    "href": "/ip/Pepperidge-Farm-Cheddar-Goldfish-Crackers-1-Ounce-Pack-of-45/5502665316?classType=REGULAR",
    "currentPrice": "N/A",
    "pricePerOz": "N/A",
    "pickup": "Free shipping, arrives in 3+ days",
    "delivery": "N/A",
    "shipping": "N/A"
  },
  {
    "ioId": "3CG248OHT3PE",
    "linkIdentifier": "131547864",
    "text": "Bin Bin Rice Cracker",
    "href": "/ip/Bin-Bin-Rice-Cracker/131547864?classType=VARIANT",
    "currentPrice": "current price $8.50",
    "pricePerOz": "$2.30/oz",
    "pickup": "Shipping, arrives in 2 days",
    "delivery": "N/A",
    "shipping": "N/A"
  },
  {
    "ioId": "43P3AMECL6XI",
    "linkIdentifier": "8285001280",
    "text": "Wasa Crispbread Whole Grain 9.2 oz",
    "href": "/ip/Wasa-Crispbread-Whole-Grain-9-2-oz/8285001280?classType=undefined",
    "currentPrice": "N/A",
    "pricePerOz": "N/A",
    "pickup": "N/A",
    "delivery": "N/A",
    "shipping": "N/A"
  },
  {
    "ioId": "4MSNQL9JU8QX",
    "linkIdentifier": "8869519974",
    "text": "2X - Ritz Original Crackers, Family Size, 20.5 Oz",
    "href": "/ip/2X-Ritz-Original-Crackers-Family-Size-20-5-Oz/8869519974?classType=REGULAR",
    "currentPrice": "current price $10.99",
    "pricePerOz": "$22.89",
    "pickup": "N/A",
    "delivery": "N/A",
    "shipping": "N/A"
  },
  {
    "ioId": "3G4VI3JOS2W0",
    "linkIdentifier": "36317288",
    "text": "Annie's Organic Cinnamon Graham Crackers, Made With Whole Grain, 14.4 oz",
    "href": "/ip/ANN-ORG-GRAHAM-CRCKRS-CINNAMON/36317288?classType=VARIANT",
    "currentPrice": "N/A",
    "pricePerOz": "N/A",
    "pickup": "Free shipping, arrives in 3+ days",
    "delivery": "N/A",
    "shipping": "N/A"
  },
  {
    "ioId": "1IBZ7JLY4HFS",
    "linkIdentifier": "919717601",
    "text": "Annie's Organic Birthday Cake Bunny Graham Kids Snacks, 7.5 oz",
    "href": "/ip/Annie-s-Organic-Birthday-Cake-Bunny-Graham-Snacks-7-5-oz/919717601?classType=REGULAR",
    "currentPrice": "N/A",
    "pricePerOz": "N/A",
    "pickup": "Free shipping, arrives in 3+ days",
    "delivery": "N/A",
    "shipping": "N/A"
  },
  {
    "ioId": "737HS6GHGFEO",
    "linkIdentifier": "1548403753",
    "text": "SKIPPY PB Bites Double Peanut Butter Snack, 6 oz Resealable Plastic Pouch",
    "href": "/ip/SKIPPY-PB-Bites-Double-Peanut-Butter-Snack-6-oz-Resealable-Plastic-Pouch/1548403753?classType=VARIANT",
    "currentPrice": "current price $3.74",
    "pricePerOz": "7.8 ¢/oz",
    "pickup": "Pickup today",
    "delivery": "Delivery today",
    "shipping": "N/A"
  },
  {
    "ioId": "0XTBYMCX1JTD",
    "linkIdentifier": "13709808746",
    "text": "(2 pack) Stauffer's Animal Crackers Chocolate, 20oz Shelf-Stable Bag",
    "href": "/ip/Stauffer-s-Animal-Crackers-Chocolate-20oz-Shelf-Stable-Bag/13709808746?classType=REGULAR",
    "currentPrice": "current price $5.56",
    "pricePerOz": "13.9 ¢/oz",
    "pickup": "Pickup today",
    "delivery": "Delivery today",
    "shipping": "Shipping, arrives tomorrow"
  },
  {
    "ioId": "15LTY3NWLHVE",
    "linkIdentifier": "806237923",
    "text": "Quaker Rice Crisps, 6 Flavor Variety Pack, 12 Count Box",
    "href": "/ip/Quaker-Rice-Crisps-6-Flavor-Variety-Pack-12-Count-Box/806237923?classType=REGULAR",
    "currentPrice": "current price $23.16",
    "pricePerOz": "60.4 ¢/oz",
    "pickup": "Shipping, arrives in 3+ days",
    "delivery": "N/A",
    "shipping": "N/A"
  },
  {
    "ioId": "1MJEEMYQJN4W",
    "linkIdentifier": "5094339826",
    "text": "Nabisco Triscuit Smoked Gouda Whole Grain Wheat Crackers (Pack of 20)",
    "href": "/ip/Deep-Freeze-Cooler-Zipperless-Hardbody-Small-Large-Capacity-Beach-Camping-Insulation-Liner-And-Smartshelf/5094339826?classType=VARIANT",
    "currentPrice": "current price $109.30",
    "pricePerOz": "N/A",
    "pickup": "Free shipping, arrives in 3+ days",
    "delivery": "N/A",
    "shipping": "N/A"
  },
  {
    "ioId": "6C8CJWTYUOX3",
    "linkIdentifier": "11947324304",
    "text": "Nabisco Ritz Whole Wheat Classic Crackers, 12.9 oz (Pack of 6)",
    "href": "/ip/Nabisco-Ritz-Whole-Wheat-Classic-Crackers-12-9-oz-Pack-of-6/11947324304?classType=VARIANT",
    "currentPrice": "current price $45.09",
    "pricePerOz": "+$11.49 shipping",
    "pickup": "Shipping, arrives in 3+ days",
    "delivery": "N/A",
    "shipping": "N/A"
  },
  {
    "ioId": "34NA8QWN142W",
    "linkIdentifier": "395688581",
    "text": "(12 Pack) Wasa Crispbread Multigrain Whole Grain Crackers, 9.7 Oz",
    "href": "/ip/12-Pack-Wasa-Crispbread-Multigrain-Whole-Grain-Crackers-9-7-Oz/395688581?classType=REGULAR",
    "currentPrice": "current price $39.81",
    "pricePerOz": "+$13.86 shipping",
    "pickup": "Shipping, arrives in 3+ days",
    "delivery": "N/A",
    "shipping": "N/A"
  },
  {
    "ioId": "0VJQQ1G8CZ1S",
    "linkIdentifier": "761953179",
    "text": "Schar Gluten Free Entertainment Crackers Salty -- 6.2 oz Pack of 3",
    "href": "/ip/Schar-Gluten-Free-Entertainment-Crackers-Salty-6-2-oz-Pack-of-3/761953179?classType=REGULAR",
    "currentPrice": "N/A",
    "pricePerOz": "N/A",
    "pickup": "Free shipping, arrives in 3+ days",
    "delivery": "N/A",
    "shipping": "N/A"
  },
  {
    "ioId": "13LHJ6KU8RHJ",
    "linkIdentifier": "7661571082",
    "text": "Chicken In A Biskit Original Baked Snack Crackers - 7.5 oz",
    "href": "/ip/Chicken-In-A-Biskit-Original-Baked-Snack-Crackers-7-5-Oz/7661571082?classType=REGULAR",
    "currentPrice": "N/A",
    "pricePerOz": "N/A",
    "pickup": "Free shipping, arrives in 3+ days",
    "delivery": "N/A",
    "shipping": "N/A"
  },
  {
    "ioId": "4ZL97TK0IM2F",
    "linkIdentifier": "25526432",
    "text": "Kinnikinnick Graham Style Crackers, 8 Oz",
    "href": "/ip/Kinnikinnick-Graham-Style-Crackers-8-Oz/25526432?classType=REGULAR",
    "currentPrice": "current price $7.64",
    "pricePerOz": "95.5 ¢/oz",
    "pickup": "Shipping, arrives tomorrow",
    "delivery": "N/A",
    "shipping": "N/A"
  },
  {
    "ioId": "4MHQ3R7WQ412",
    "linkIdentifier": "5189906548",
    "text": "Christie Crispers Smokey Bacon Flavored Crackers 145g/5.1 oz",
    "href": "/ip/Christie-Crispers-Smokey-Bacon-Flavored-Crackers-145g-5-1-oz-Bag/5189906548?classType=REGULAR",
    "currentPrice": "current price $18.99",
    "pricePerOz": "N/A",
    "pickup": "Free shipping, arrives in 3+ days",
    "delivery": "N/A",
    "shipping": "N/A"
  },
  {
    "ioId": "3OFLTV8PUHW2",
    "linkIdentifier": "990020280",
    "text": "Christie Crispers, Salt & Vinegar Crackers, 145g/5.1 Ounce",
    "href": "/ip/Christie-Crispers-Salt-Vinegar-Crackers-145g-5-1-Ounce-Bag-Imported-from-Canada/990020280?classType=REGULAR",
    "currentPrice": "current price $18.99",
    "pricePerOz": "N/A",
    "pickup": "Free shipping, arrives in 3+ days",
    "delivery": "N/A",
    "shipping": "N/A"
  },
  {
    "ioId": "1ZVZLAJYTRMK",
    "linkIdentifier": "5088825074",
    "text": "Lance Saltines Crackers- 100 Single Serve Packs- Include Them in Your Salad Kit, Make Peanut Butter Crackers, or Pack Them in the Kid's Lunch Box - Curated by Shoppes on the Avenue",
    "href": "/ip/Lance-Saltines-Crackers-100-Single-Serve-Packs-Include-Them-Your-Salad-Kit-Make-Peanut-Butter-Crackers-Pack-Kid-s-Lunch-Box-Curated-Shoppes-Avenue/5088825074?classType=VARIANT",
    "currentPrice": "current price $29.99",
    "pricePerOz": "N/A",
    "pickup": "Free shipping, arrives in 3+ days",
    "delivery": "N/A",
    "shipping": "N/A"
  },
  {
    "ioId": "4BM355VY5GZ7",
    "linkIdentifier": "2053899882",
    "text": "Kim's Magic Pop Super Combo Snack 18 Packs | Kims Magic Pop + Kims Deli Pop + Kims Mini Pop | Keto, Vegan Snacks | Low Carb, Sugar Free, Natural | Easy Bread, Chip, Cracker Replacement",
    "href": "/ip/Kim-s-Magic-Pop-Super-Combo-Snack-18-Packs-Kim-s-Deli-Mini-Keto-Vegan-Snacks-Low-Carb-Sugar-Free-Natural-Easy-Bread-Chip-Cracker-Replacement/2053899882?classType=VARIANT",
    "currentPrice": "current price $59.98",
    "pricePerOz": "N/A",
    "pickup": "Free shipping, arrives in 3+ days",
    "delivery": "N/A",
    "shipping": "N/A"
  },
  {
    "ioId": "5GUBTO72OART",
    "linkIdentifier": "5335641124",
    "text": "Ritz Fresh Stacks Whole Wheat Crackers, 6 - 11.6 oz Boxes (48 Stacks) HB4",
    "href": "/ip/Ritz-Fresh-Stacks-Whole-Wheat-Crackers-6-11-6-Oz-Boxes-48-Stacks/5335641124?classType=REGULAR",
    "currentPrice": "current price $26.95",
    "pricePerOz": "+$9.99 shipping",
    "pickup": "Shipping, arrives in 3+ days",
    "delivery": "N/A",
    "shipping": "N/A"
  },
  {
    "ioId": "5RNZ4F0TYWG7",
    "linkIdentifier": "2571204886",
    "text": "NY SPICE SHOP Asian Rice crackers - 1 Pound - Rice Snacks - Rice Sack - Oriental Snack Mix Nuts",
    "href": "/ip/NY-SPICE-SHOP-Asian-Rice-crackers-1-Pound-Rice-Snacks-Rice-Sack-Oriental-Snack-Mix-Nuts/2571204886?classType=VARIANT",
    "currentPrice": "current price $13.99",
    "pricePerOz": "+$9.75 shipping",
    "pickup": "Shipping, arrives in 3+ days",
    "delivery": "N/A",
    "shipping": "N/A"
  },
  {
    "ioId": "6UN4FAVEFNCW",
    "linkIdentifier": "5275853376",
    "text": "Ritz Whole Wheat Crackers, 12.9 Oz",
    "href": "/ip/Ritz-Whole-Wheat-Crackers-12-9-Oz/5275853376?classType=REGULAR",
    "currentPrice": "current price $15.09",
    "pricePerOz": "N/A",
    "pickup": "Free shipping, arrives in 3+ days",
    "delivery": "N/A",
    "shipping": "N/A"
  },
  {
    "ioId": "5QM0TLIC22DT",
    "linkIdentifier": "8778718914",
    "text": "Ritz Fresh Stacks Original Crackers, 11.8 Oz (8 Stacks)",
    "href": "/ip/Ritz-Fresh-Stacks-Original-Crackers-11-8-Oz-8-Stacks/8778718914?classType=REGULAR",
    "currentPrice": "current price Now $3.00",
    "pricePerOz": "$5.30",
    "pickup": "Shipping, arrives in 3+ days",
    "delivery": "N/A",
    "shipping": "N/A"
  },
  {
    "ioId": "2A8T3HK9TJP8",
    "linkIdentifier": "326097218",
    "text": "Barnum's Animals Crackers 2.13oz Pack of 2",
    "href": "/ip/Barnum-s-Animals-Crackers-2-13oz-Pack-of-2/326097218?classType=REGULAR",
    "currentPrice": "current price $19.15",
    "pricePerOz": "N/A",
    "pickup": "Free shipping, arrives in 3+ days",
    "delivery": "N/A",
    "shipping": "N/A"
  },
  {
    "ioId": "6MU1E4AVYALC",
    "linkIdentifier": "8570056594",
    "text": "Kunin Rigato Mix, Premium Asian Rice Crackers 12 oz.",
    "href": "/ip/Kunin-Rigato-Mix-Premium-Asian-Rice-Crackers/8570056594?classType=REGULAR",
    "currentPrice": "current price $19.95",
    "pricePerOz": "N/A",
    "pickup": "Free shipping, arrives in 3+ days",
    "delivery": "N/A",
    "shipping": "N/A"
  },
  {
    "ioId": "12FCGEX10BE4",
    "linkIdentifier": "47374298",
    "text": "Goldfish Cheddar Cheese Crackers, 2 oz Carton",
    "href": "/ip/Goldfish-Cheddar-Cheese-Crackers-2-oz-Carton/47374298?classType=VARIANT",
    "currentPrice": "current price $1.00",
    "pricePerOz": "50.0 ¢/oz",
    "pickup": "Pickup today",
    "delivery": "Delivery today",
    "shipping": "N/A"
  },
  {
    "ioId": "4J8JUJQISPQH",
    "linkIdentifier": "2871099641",
    "text": "Trader Joe's Whole Grain Crispbread 7.75 Oz (1 pack)",
    "href": "/ip/Trader-Joe-s-Whole-Grain-Crispbread-7-75-Oz-1-pack/2871099641?classType=REGULAR",
    "currentPrice": "current price $13.19",
    "pricePerOz": "N/A",
    "pickup": "Shipping, arrives in 2 days",
    "delivery": "N/A",
    "shipping": "N/A"
  },
  {
    "ioId": "0SVA6QB01T8S",
    "linkIdentifier": "1310330937",
    "text": "Jacob's Cream Cracker No Added Sugar 200G",
    "href": "/ip/Jacob-s-Cream-Cracker-No-Added-Sugar-200G/1310330937?classType=REGULAR",
    "currentPrice": "current price $11.99",
    "pricePerOz": "6.0 ¢/g",
    "pickup": "Free shipping, arrives in 3+ days",
    "delivery": "N/A",
    "shipping": "N/A"
  },
  {
    "ioId": "79I6FL4S8QH5",
    "linkIdentifier": "156021104",
    "text": "Lee Cream Crackers 340g",
    "href": "/ip/Lee-Cream-Crackers-340g/156021104?classType=REGULAR",
    "currentPrice": "current price $8.98",
    "pricePerOz": "2.2 ¢/g",
    "pickup": "Free shipping, arrives in 3+ days",
    "delivery": "N/A",
    "shipping": "N/A"
  },
  {
    "ioId": "6XAH4N20B4QX",
    "linkIdentifier": "14058755728",
    "text": "RITZ Holiday Crackers, Limited Edition, 12.3 oz ,(1PACK)",
    "href": "/ip/RITZ-Holiday-Crackers-Limited-Edition-12-3-oz-1PACK/14058755728?classType=REGULAR",
    "currentPrice": "N/A",
    "pricePerOz": "N/A",
    "pickup": "Free shipping, arrives in 3+ days",
    "delivery": "N/A",
    "shipping": "N/A"
  },
  {
    "ioId": "2CNEOLV1YDC9",
    "linkIdentifier": "5613065341",
    "text": "Barnum's Original Animal Crackers, 12 Snack Packs",
    "href": "/ip/Barnum-s-Original-Animal-Crackers-12-Snack-Packs/5613065341?classType=REGULAR",
    "currentPrice": "N/A",
    "pricePerOz": "N/A",
    "pickup": "Free shipping, arrives in 3+ days",
    "delivery": "N/A",
    "shipping": "N/A"
  },
  {
    "ioId": "1DB3O14IP7VH",
    "linkIdentifier": "482399433",
    "text": "(12 Pack) La Panzanella Rosemary Artisan Cracker, 6 Oz",
    "href": "/ip/12-Pack-La-Panzanella-Rosemary-Artisan-Cracker-6-Oz/482399433?classType=REGULAR",
    "currentPrice": "current price $43.30",
    "pricePerOz": "+$13.86 shipping",
    "pickup": "Shipping, arrives in 3+ days",
    "delivery": "N/A",
    "shipping": "N/A"
  },
  {
    "ioId": "4CFSHO12QG06",
    "linkIdentifier": "339329958",
    "text": "Pepperidge Farm Goldfish Grahams Vanilla Cupcake Crackers",
    "href": "/ip/Pepperidge-Farm-Goldfish-Grahams-Vanilla-Cupcake-Crackers/339329958?classType=REGULAR",
    "currentPrice": "current price $3.91",
    "pricePerOz": "+$9.98 shipping",
    "pickup": "Shipping, arrives in 3+ days",
    "delivery": "N/A",
    "shipping": "N/A"
  },
  {
    "ioId": "3RJO7O8T1FCJ",
    "linkIdentifier": "11950167336",
    "text": "RITZ Toasted Chips Sour Cream and Onion Crackers, Family Size, 11.4 oz (Pack of 4)",
    "href": "/ip/RITZ-Toasted-Chips-Sour-Cream-and-Onion-Crackers-Family-Size-11-4-oz-Pack-of-4/11950167336?classType=VARIANT",
    "currentPrice": "current price Now $30.02",
    "pricePerOz": "$36.02",
    "pickup": "Shipping, arrives in 3+ days",
    "delivery": "N/A",
    "shipping": "N/A"
  },
  {
    "ioId": "3G3DFSONPXEA",
    "linkIdentifier": "5566719000",
    "text": "Munchies Sandwich Crackers | 2 Packs | 11.04 Oz | Bundled By (Jalapeno Cheddar)",
    "href": "/ip/Munchies-Sandwich-Crackers-2-Packs-11-04-Oz-Bundled-By-Jalapeno-Cheddar/5566719000?classType=REGULAR",
    "currentPrice": "current price $23.89",
    "pricePerOz": "N/A",
    "pickup": "Shipping, arrives in 2 days",
    "delivery": "N/A",
    "shipping": "N/A"
  },
  {
    "ioId": "4AFY9WLPP1F7",
    "linkIdentifier": "13657004330",
    "text": "Triscuit Smoked Gouda Whole Grain Wheat Crackers,(1PACK)",
    "href": "/ip/Triscuit-Smoked-Gouda-Whole-Grain-Wheat-Crackers-1PACK/13657004330?classType=REGULAR",
    "currentPrice": "current price $5.00",
    "pricePerOz": "+$10.99 shipping",
    "pickup": "Shipping, arrives in 3+ days",
    "delivery": "N/A",
    "shipping": "N/A"
  },
  {
    "ioId": "2IW0OK53EBJI",
    "linkIdentifier": "106830654",
    "text": "Cheez-It Original Crackers Cheese - 1 Serving Bag - 8 / Box",
    "href": "/ip/Cheez-It-Original-Crackers-Cheese-1-Serving-Bag-8-Box/106830654?classType=REGULAR",
    "currentPrice": "current price $16.79",
    "pricePerOz": "N/A",
    "pickup": "Shipping, arrives in 2 days",
    "delivery": "N/A",
    "shipping": "N/A"
  },
  {
    "ioId": "70TM9391WA3L",
    "linkIdentifier": "1151468824",
    "text": "Wellsley Farms Entertainment Crackers 4 Box Variety Pack (1lb 15 oz) 2 Original Wheat, 1 Crisp & Buttery, 1 Multigrain",
    "href": "/ip/Wellsley-Farms-Entertainment-Crackers-4-Box-Variety-Pack-1lb-15-oz-2-Original-Wheat-1-Crisp-Buttery-1-Multigrain/1151468824?classType=REGULAR",
    "currentPrice": "current price $28.00",
    "pricePerOz": "N/A",
    "pickup": "Free shipping, arrives in 3+ days",
    "delivery": "N/A",
    "shipping": "N/A"
  },
  {
    "ioId": "70GAY0E116KH",
    "linkIdentifier": "1970714896",
    "text": "Sobisk Animal Crackers .8 oz bags, Low Fat, Cholesterol Free, No High Fructose Corn Syrup",
    "href": "/ip/Sobisk-Animal-Crackers-8-oz-bags-Low-Fat-Cholesterol-Free-No-High-Fructose-Corn-Syrup/1970714896?classType=VARIANT",
    "currentPrice": "current price $12.00",
    "pricePerOz": "N/A",
    "pickup": "Free shipping, arrives in 3+ days",
    "delivery": "N/A",
    "shipping": "N/A"
  },
  {
    "ioId": "4X5DI805MPU1",
    "linkIdentifier": "1584532126",
    "text": "Biena Tasty Thins Snack Crisps, Tuscan Herb Flavor, 4oz",
    "href": "/ip/Biena-Tasty-Thins-Snack-Crisps-Tuscan-Herb-Flavor-4oz/1584532126?classType=REGULAR",
    "currentPrice": "current price $3.71",
    "pricePerOz": "92.8 ¢/oz",
    "pickup": "N/A",
    "delivery": "N/A",
    "shipping": "N/A"
  },
  {
    "ioId": "22R5OONOI71U",
    "linkIdentifier": "3269967156",
    "text": "Shibolim Whole Grain Unsalted Whole Wheat Crackers, 6oz Pack of 2 Crisp & Delicious Awesome Crunch! Great mouth Feel, Made with Whole Grains, Kosher",
    "href": "/ip/Shibolim-Whole-Grain-Unsalted-Whole-Wheat-Crackers-6oz-Pack-of-2-Crisp-Delicious-Awesome-Crunch-Great-mouth-Feel-Made-with-Whole-Grains-Kosher/3269967156?classType=REGULAR",
    "currentPrice": "current price $9.99",
    "pricePerOz": "N/A",
    "pickup": "N/A",
    "delivery": "N/A",
    "shipping": "N/A"
  },
  {
    "ioId": "6ZWFJVLPLG1X",
    "linkIdentifier": "627485619",
    "text": "Keebler, Club & Cheddar Sandwich Crackers",
    "href": "/ip/Keebler-Club-Cheddar-Sandwich-Crackers/627485619?classType=REGULAR",
    "currentPrice": "current price $70.59",
    "pricePerOz": "N/A",
    "pickup": "N/A",
    "delivery": "N/A",
    "shipping": "N/A"
  },
  {
    "ioId": "6WSMAVEJ9MN5",
    "linkIdentifier": "167075559",
    "text": "Christie Toppables Crackers 454g/16oz Box, {Imported from Canada}",
    "href": "/ip/Christie-Toppables-Crackers-454g-16oz-Box-Imported-from-Canada/167075559?classType=REGULAR",
    "currentPrice": "current price $19.99",
    "pricePerOz": "N/A",
    "pickup": "Free shipping, arrives in 3+ days",
    "delivery": "N/A",
    "shipping": "N/A"
  },
  {
    "ioId": "4B39BYA000ES",
    "linkIdentifier": "5766551324",
    "text": "4 Pack of Trader Joes Entertaining Cracker Duo | 7 Oz",
    "href": "/ip/4-Pack-of-Trader-Joe-s-Entertaining-Cracker-Duo-7-Oz/5766551324?classType=VARIANT",
    "currentPrice": "current price $34.35",
    "pricePerOz": "+$7.49 shipping",
    "pickup": "Shipping, arrives in 3+ days",
    "delivery": "N/A",
    "shipping": "N/A"
  },
  {
    "ioId": "6PKHKRU3FMI1",
    "linkIdentifier": "5143787134",
    "text": "Pepperidge Farm Goldfish PARMESAN Baked Snack Crackers 6.6 oz Bag",
    "href": "/ip/Pepperidge-Farm-Goldfish-PARMESAN-Baked-Snack-Crackers-6-6-oz-Bag/5143787134?classType=REGULAR",
    "currentPrice": "N/A",
    "pricePerOz": "N/A",
    "pickup": "Free shipping, arrives in 3+ days",
    "delivery": "N/A",
    "shipping": "N/A"
  },
  {
    "ioId": "6E51MI4HELJ8",
    "linkIdentifier": "2737319438",
    "text": "Stauffer's, Animal Crackers, Chocolate, 20oz Bag Pack of 4",
    "href": "/ip/Stauffer-s-Animal-Crackers-Chocolate-20oz-Bag-Pack-of-4/2737319438?classType=REGULAR",
    "currentPrice": "current price $18.02",
    "pricePerOz": "+$8.99 shipping",
    "pickup": "Shipping, arrives in 3+ days",
    "delivery": "N/A",
    "shipping": "N/A"
  },
  {
    "ioId": "3C6P64UXKMAU",
    "linkIdentifier": "5232510270",
    "text": "(3 pack) Triscuit Organic Original Whole Grain Wheat Crackers, Organic Crackers, Vegan Crackers, 7 oz",
    "href": "/ip/Triscuit-Organic-Original-Whole-Grain-Wheat-Crackers-Organic-Crackers-Vegan-Crackers-7-oz/5232510270?classType=REGULAR",
    "currentPrice": "current price $8.04",
    "pricePerOz": "$2.68/ea",
    "pickup": "Shipping, arrives tomorrow",
    "delivery": "N/A",
    "shipping": "N/A"
  },
  {
    "ioId": "0WD2D30OGFN6",
    "linkIdentifier": "5225062562",
    "text": "(3 pack) Nabisco Grahams Original Graham Crackers, 14.4 oz",
    "href": "/ip/Nabisco-Grahams-Original-Graham-Crackers-14-4-oz/5225062562?classType=REGULAR",
    "currentPrice": "current price $14.04",
    "pricePerOz": "32.5 ¢/oz",
    "pickup": "Pickup today",
    "delivery": "Delivery today",
    "shipping": "Shipping, arrives tomorrow"
  },
  {
    "ioId": "752RYT7VK0LC",
    "linkIdentifier": "195070495",
    "text": "Goldfish Flavor Blasted Cheddar Jack'd Crackers, Snack Crackers, 6.6 oz Bag",
    "href": "/ip/Goldfish-Flavor-Blasted-Cheddar-Jack-d-Crackers-Snack-Crackers-6-6-oz-Bag/195070495?classType=REGULAR",
    "currentPrice": "N/A",
    "pricePerOz": "N/A",
    "pickup": "Free shipping, arrives in 3+ days",
    "delivery": "N/A",
    "shipping": "N/A"
  },
  {
    "ioId": "5I651A5YX5EU",
    "linkIdentifier": "839239953",
    "text": "Stacy's Pita Chips Bagel Chips - Everything, 7 oz Bag",
    "href": "/ip/Stacy-s-Pita-Chips-Bagel-Chips-Everything-7-oz-Bag/839239953?classType=VARIANT",
    "currentPrice": "current price $7.78",
    "pricePerOz": "$1.11/oz",
    "pickup": "Free shipping, arrives in 3+ days",
    "delivery": "N/A",
    "shipping": "N/A"
  },
  {
    "ioId": "4XH4LTA2LOOL",
    "linkIdentifier": "1194005529",
    "text": "Lance Captain's Wafers Variety Crackers 11 oz 8 Count Boxes - Single Pack",
    "href": "/ip/Lance-Captain-s-Wafers-Variety-Crackers-11-oz-8-Count-Boxes-Single-Pack/1194005529?classType=REGULAR",
    "currentPrice": "current price $9.97",
    "pricePerOz": "+$7.50 shipping",
    "pickup": "Shipping, arrives in 3+ days",
    "delivery": "N/A",
    "shipping": "N/A"
  },
  {
    "ioId": "5EV8OP05V8FA",
    "linkIdentifier": "1937679732",
    "text": "Annies Organic Honey Graham Crackers, 14.4 Oz. Box (Pack Of 4)",
    "href": "/ip/Annies-Organic-Honey-Graham-Crackers-14-4-Oz-Box-Pack-Of-4/1937679732?classType=REGULAR",
    "currentPrice": "current price $34.96",
    "pricePerOz": "N/A",
    "pickup": "Free shipping, arrives in 3+ days",
    "delivery": "N/A",
    "shipping": "N/A"
  },
  {
    "ioId": "3QECY9MG0Z1W",
    "linkIdentifier": "6360004786",
    "text": "Animal Crackers (Original) - Box of 4, Total Weight 1.85 kg",
    "href": "/ip/Animal-Crackers-Original-Box-of-4-Total-Weight-1-85-kg/6360004786?classType=VARIANT",
    "currentPrice": "current price $72.57",
    "pricePerOz": "N/A",
    "pickup": "Free shipping, arrives in 3+ days",
    "delivery": "N/A",
    "shipping": "N/A"
  },
  {
    "ioId": "3BT6F13HSKPD",
    "linkIdentifier": "34296236",
    "text": "Kelloggs Zesta Crackers, Oyster, 0.5 oz",
    "href": "/ip/Kelloggs-Zesta-Crackers-Oyster-0-5-oz/34296236?classType=VARIANT",
    "currentPrice": "current price $69.50",
    "pricePerOz": "N/A",
    "pickup": "Free shipping, arrives in 3+ days",
    "delivery": "N/A",
    "shipping": "N/A"
  },
  {
    "ioId": "2DJUQZINYUMG",
    "linkIdentifier": "13780358703",
    "text": "Ritz Hint of Salt Crackers - Low Sodium Choice.Pack Of 1",
    "href": "/ip/Ritz-Hint-of-Salt-Crackers-Low-Sodium-Choice-Pack-Of-1/13780358703?classType=REGULAR",
    "currentPrice": "current price $12.49",
    "pricePerOz": "N/A",
    "pickup": "Free shipping, arrives in 3+ days",
    "delivery": "N/A",
    "shipping": "N/A"
  },
  {
    "ioId": "4UPX09LZGPCT",
    "linkIdentifier": "5094136384",
    "text": "Wasa Crispbread Variety 4-Pack: Multi Grain, Whole Grain, Lite Rye & Sourdough",
    "href": "/ip/Wasa-Crispbread-Variety-4-Pack-Multi-Grain-Whole-Grain-Lite-Rye-Sourdough/5094136384?classType=REGULAR",
    "currentPrice": "current price $28.99",
    "pricePerOz": "N/A",
    "pickup": "Shipping, arrives in 2 days",
    "delivery": "N/A",
    "shipping": "N/A"
  },
  {
    "ioId": "1LIDH8G4L39C",
    "linkIdentifier": "533496448",
    "text": "Kellogg's Scooby-Doo Grahams Variety Pack (36 Count)",
    "href": "/ip/Kellogg-s-Scooby-Doo-Grahams-Variety-Pack-36-Count/533496448?classType=REGULAR",
    "currentPrice": "current price Now $26.14",
    "pricePerOz": "$32.69",
    "pickup": "Free shipping, arrives in 3+ days",
    "delivery": "N/A",
    "shipping": "N/A"
  },
  {
    "ioId": "5EP3BD5W4YHD",
    "linkIdentifier": "931731494",
    "text": "Simple Mills Veggie Flour Pita Crackers, Mediterranean Herb, Gluten-Free, 4.25 oz",
    "href": "/ip/Simple-Mills-Veggie-Flour-Pita-Crackers-Mediterranean-Herb-4-25-oz/931731494?classType=VARIANT",
    "currentPrice": "N/A",
    "pricePerOz": "N/A",
    "pickup": "Free shipping, arrives in 3+ days",
    "delivery": "N/A",
    "shipping": "N/A"
  },
  {
    "ioId": "3O2CYB11SQPV",
    "linkIdentifier": "769594626",
    "text": "Gardettos, Italian Cheese , Count 7 (5.5 oz) - Snacks / Grab Varieties & Flavors",
    "href": "/ip/Gardettos-Italian-Cheese-Count-7-5-5-oz-Snacks-Grab-Varieties-Flavors/769594626?classType=VARIANT",
    "currentPrice": "current price Now $28.70",
    "pricePerOz": "$40.68",
    "pickup": "Shipping, arrives in 3+ days",
    "delivery": "N/A",
    "shipping": "N/A"
  },
  {
    "ioId": "3U51LU164STK",
    "linkIdentifier": "196113957",
    "text": "Oishi Prawn Crackers Spicy (Small), 60 Gram",
    "href": "/ip/Oishi-Prawn-Crackers-Spicy-Small-60-Gram/196113957?classType=REGULAR",
    "currentPrice": "current price $7.99",
    "pricePerOz": "$4.00/oz",
    "pickup": "Shipping, arrives in 3+ days",
    "delivery": "N/A",
    "shipping": "N/A"
  },
  {
    "ioId": "74GI5OBNCMH4",
    "linkIdentifier": "12588554270",
    "text": "(6 pack) Austin Peanut Butter on Toasty Sandwich Crackers, Single Serve Snack Crackers, 20 Count",
    "href": "/ip/Austin-Peanut-Butter-on-Toasty-Sandwich-Crackers-Single-Serve-Snack-Crackers-20-Count/12588554270?classType=VARIANT",
    "currentPrice": "current price $38.98",
    "pricePerOz": "23.5 ¢/oz",
    "pickup": "Free shipping, arrives in 3+ days",
    "delivery": "N/A",
    "shipping": "N/A"
  },
  {
    "ioId": "2C7QNH43UQV8",
    "linkIdentifier": "8658415863",
    "text": "2X-Ritz Whole Wheat Crackers Family Size - 19.3 oz",
    "href": "/ip/2X-Ritz-Whole-Wheat-Crackers-Family-Size-19-3-oz/8658415863?classType=REGULAR",
    "currentPrice": "current price Now $16.97",
    "pricePerOz": "$23.99",
    "pickup": "Shipping, arrives in 3+ days",
    "delivery": "N/A",
    "shipping": "N/A"
  },
  {
    "ioId": "6NZB5TCXV04J",
    "linkIdentifier": "10290159484",
    "text": "Wheat Thins Sundried Tomato & Basil Whole Grain Wheat Crackers, 8.5 oz",
    "href": "/ip/Wheat-Thins-Sundried-Tomato-Basil-Whole-Grain-Wheat-Crackers-8-5-oz-RED19/10290159484?classType=REGULAR",
    "currentPrice": "current price $5.67",
    "pricePerOz": "+$8.99 shipping",
    "pickup": "Shipping, arrives in 3+ days",
    "delivery": "N/A",
    "shipping": "N/A"
  },
  {
    "ioId": "75300BQ4EK4L",
    "linkIdentifier": "6855256002",
    "text": "Simple Mills Pop Mmms Pizza Baked Snack Crackers, Gluten Free, 4 Ounce (Pack of 1) YU4",
    "href": "/ip/Simple-Mills-Pop-Mmms-Pizza-Baked-Snack-Crackers-Gluten-Free-4-Ounce-Pack-of-1-YU4/6855256002?classType=REGULAR",
    "currentPrice": "N/A",
    "pricePerOz": "N/A",
    "pickup": "Free shipping, arrives in 3+ days",
    "delivery": "N/A",
    "shipping": "N/A"
  },
  {
    "ioId": "126VYXGH1L39",
    "linkIdentifier": "1943784662",
    "text": "(Price/Case)Appleways 76302 Veggie Crackers, 1 Count",
    "href": "/ip/Price-Case-Appleways-76302-Veggie-Crackers-1-Count/1943784662?classType=REGULAR",
    "currentPrice": "current price $163.58",
    "pricePerOz": "N/A",
    "pickup": "Free shipping, arrives in 3+ days",
    "delivery": "N/A",
    "shipping": "N/A"
  },
  {
    "ioId": "6EJQOY0CI0IQ",
    "linkIdentifier": "5347058805",
    "text": "Kellogg's SCOOBY-DOO! Baked Graham Cracker Snacks, Made with Whole Grain, Kids Snacks, Cinnamon (40 Pouches)",
    "href": "/ip/Kellogg-s-SCOOBY-DOO-Baked-Graham-Cracker-Snacks-Lunch-Snacks-Snack-Crackers-Cinnamon-40-Pouches/5347058805?classType=REGULAR",
    "currentPrice": "current price Now $23.46",
    "pricePerOz": "$26.48",
    "pickup": "Free shipping, arrives in 3+ days",
    "delivery": "N/A",
    "shipping": "N/A"
  },
  {
    "ioId": "6PYG7LM7RDPI",
    "linkIdentifier": "5767020734",
    "text": "Breton Crackers, Gluten Free Flax & Sea Salt, Pack of 3",
    "href": "/ip/Breton-Crackers-Gluten-Free-Flax-Sea-Salt-Pack-of-3/5767020734?classType=REGULAR",
    "currentPrice": "current price $16.75",
    "pricePerOz": "N/A",
    "pickup": "Free shipping, arrives in 3+ days",
    "delivery": "N/A",
    "shipping": "N/A"
  },
  {
    "ioId": "0T93HSLF8KFL",
    "linkIdentifier": "2128878952",
    "text": "(6 pack) Great Value Honey Graham Crackers, 14.4 oz, 8 Count",
    "href": "/ip/Great-Value-Honey-Graham-Crackers-14-4-oz/2128878952?classType=REGULAR",
    "currentPrice": "current price $14.64",
    "pricePerOz": "16.9 ¢/oz",
    "pickup": "Pickup today",
    "delivery": "Delivery today",
    "shipping": "Shipping, arrives tomorrow"
  },
  {
    "ioId": "12SULACP4F84",
    "linkIdentifier": "10420182",
    "text": "Streit's Matzos Unsalted, 11.0 OZ",
    "href": "/ip/Streit-8217-s-Unsalted-Matzos-11-oz/10420182?classType=REGULAR",
    "currentPrice": "N/A",
    "pricePerOz": "N/A",
    "pickup": "Free shipping, arrives in 3+ days",
    "delivery": "N/A",
    "shipping": "N/A"
  },
  {
    "ioId": "3S2DPAILL0FX",
    "linkIdentifier": "399057183",
    "text": "Kirkland Signature Organic Animal Crackers, 4 lbs",
    "href": "/ip/Kirkland-Signature-Organic-Animal-Crackers-4-lbs/399057183?classType=REGULAR",
    "currentPrice": "current price $29.08",
    "pricePerOz": "N/A",
    "pickup": "Free shipping, arrives in 3+ days",
    "delivery": "N/A",
    "shipping": "N/A"
  },
  {
    "ioId": "75S4NIZJSX6R",
    "linkIdentifier": "995637911",
    "text": "Mini Ritz Crackers 6 Pack 150G",
    "href": "/ip/Mini-Ritz-Crackers-6-Pack-150G/995637911?classType=REGULAR",
    "currentPrice": "current price $14.98",
    "pricePerOz": "N/A",
    "pickup": "Shipping, arrives in 2 days",
    "delivery": "N/A",
    "shipping": "N/A"
  },
  {
    "ioId": "1HAD256UT1JH",
    "linkIdentifier": "25752103",
    "text": "Town House Pita Crackers Mediterranean Herb Oven Baked Crackers, Party Snacks, 9.5 oz",
    "href": "/ip/Town-House-Pita-Crackers-Mediterranean-Herb-Oven-Baked-Crackers-Party-Snacks-9-5-oz/25752103?classType=REGULAR",
    "currentPrice": "current price $11.99",
    "pricePerOz": "$1.26/oz",
    "pickup": "Shipping, arrives in 2 days",
    "delivery": "N/A",
    "shipping": "N/A"
  },
  {
    "ioId": "4GPEETR6SLG1",
    "linkIdentifier": "5501529066",
    "text": "Lance Captain's Wafers - Single Serve Packets l Pack of 50 l Include Them in Your Salad Kit, Make Peanut Butter Crackers, or Pack Them in the Kid's Lunch Box",
    "href": "/ip/Lance-Captain-s-Wafers-Single-Serve-Packets-l-Pack-50-Include-Them-Your-Salad-Kit-Make-Peanut-Butter-Crackers-Kid-s-Lunch-Box/5501529066?classType=VARIANT",
    "currentPrice": "current price $14.99",
    "pricePerOz": "N/A",
    "pickup": "Shipping, arrives in 2 days",
    "delivery": "N/A",
    "shipping": "N/A"
  },
  {
    "ioId": "0T7X4UJMRW72",
    "linkIdentifier": "5935264516",
    "text": "Pepperidge Farm Goldfish Salt & Vinegar Crisps - 6.25oz Pack of 2",
    "href": "/ip/Pepperidge-Farm-Goldfish-Salt-Vinegar-Crisps-6-25oz-Pack-of-2/5935264516?classType=REGULAR",
    "currentPrice": "current price $12.86",
    "pricePerOz": "+$5.99 shipping",
    "pickup": "Shipping, arrives in 3+ days",
    "delivery": "N/A",
    "shipping": "N/A"
  },
  {
    "ioId": "71ES1Q4GNKV4",
    "linkIdentifier": "2168096601",
    "text": "Goldfish Colors Cheddar Cheese Crackers, Baked Snack Crackers, 6.6 oz Bag (Pack of 6)",
    "href": "/ip/Goldfish-Colors-Cheddar-Cheese-Crackers-Baked-Snack-Crackers-6-6-oz-Bag-Pack-of-6/2168096601?classType=REGULAR",
    "currentPrice": "current price $26.99",
    "pricePerOz": "+$8.99 shipping",
    "pickup": "Shipping, arrives in 3+ days",
    "delivery": "N/A",
    "shipping": "N/A"
  },
  {
    "ioId": "4BE2NV4D887O",
    "linkIdentifier": "5463431604",
    "text": "Crunchmaster Gluten-Free Multi-Seed Original Crackers, HYZ01 4oz. (Pack of 6)",
    "href": "/ip/Crunchmaster-Gluten-Free-Multi-Seed-Original-Crackers-4oz-Pack-of-6/5463431604?classType=REGULAR",
    "currentPrice": "N/A",
    "pricePerOz": "N/A",
    "pickup": "Free shipping, arrives in 3+ days",
    "delivery": "N/A",
    "shipping": "N/A"
  },
  {
    "ioId": "4UTA93UPS3SH",
    "linkIdentifier": "474858007",
    "text": "Rovira Export Soda Honey & Oats 9.3oz",
    "href": "/ip/Rovira-Export-Soda-Honey-Oats-9-3oz/474858007?classType=VARIANT",
    "currentPrice": "N/A",
    "pricePerOz": "N/A",
    "pickup": "Free shipping, arrives in 3+ days",
    "delivery": "N/A",
    "shipping": "N/A"
  },
  {
    "ioId": "5R0PUZVNGUPY",
    "linkIdentifier": "46524229",
    "text": "Lance Sandwich Crackers, Made with Whole Grain Crackers, Cheddar Cheese, 8 Packs, 6 Sandwiches Each",
    "href": "/ip/Lance-Cheddar-Cheese-Whole-Grain-Cracker-Sandwiches-8-count-12-oz/46524229?classType=REGULAR",
    "currentPrice": "current price $7.99",
    "pricePerOz": "66.6 ¢/oz",
    "pickup": "Free shipping, arrives in 3+ days",
    "delivery": "N/A",
    "shipping": "N/A"
  },
  {
    "ioId": "4NGH5RQFVO0X",
    "linkIdentifier": "1849516498",
    "text": "Product of Nabisco Ritz Crackers, 61.6 oz. (18 pk.) - Crackers [Bulk Savings] - PACK OF 2",
    "href": "/ip/Product-of-Nabisco-Ritz-Crackers-61-6-oz-18-pk-Crackers-Bulk-Savings-PACK-OF-2/1849516498?classType=undefined",
    "currentPrice": "N/A",
    "pricePerOz": "N/A",
    "pickup": "N/A",
    "delivery": "N/A",
    "shipping": "N/A"
  },
  {
    "ioId": "55EJFCWK434Y",
    "linkIdentifier": "1819783612",
    "text": "Wasa Thin Rye Crispbread -- 8.6 oz",
    "href": "/ip/Wasa-Thin-Rye-Crispbread-8-6-oz/1819783612?classType=REGULAR",
    "currentPrice": "current price $8.68",
    "pricePerOz": "$13.72",
    "pickup": "N/A",
    "delivery": "N/A",
    "shipping": "N/A"
  },
  {
    "ioId": "4XZ8BVK633IB",
    "linkIdentifier": "1283522115",
    "text": "Annie's Organic Bunny Grahams Honey Baked Snacks - 7.5oz (2 pack)",
    "href": "/ip/Annie-s-Organic-Bunny-Grahams-Honey-Baked-Snacks-7-5oz-2-pack/1283522115?classType=REGULAR",
    "currentPrice": "current price $22.99",
    "pricePerOz": "N/A",
    "pickup": "N/A",
    "delivery": "N/A",
    "shipping": "N/A"
  },
  {
    "ioId": "4ZPWKP5AZSDY",
    "linkIdentifier": "151167779",
    "text": "Bugles Nacho Cheese Crispy Corn Snacks, 3.7 oz Bag",
    "href": "/ip/Bugles-Nacho-Cheese-Crispy-Corn-Snacks-3-7-oz-Bag/151167779?classType=REGULAR",
    "currentPrice": "current price $10.99",
    "pricePerOz": "$2.97/oz",
    "pickup": "Free shipping, arrives in 3+ days",
    "delivery": "N/A",
    "shipping": "N/A"
  },
  {
    "ioId": "4OFYK3CY9UBB",
    "linkIdentifier": "291161942",
    "text": "Chicken in a Biskit Original Baked Snack Crackers, Family Size, 12 oz",
    "href": "/ip/Chicken-in-a-Biskit-Original-Baked-Snack-Crackers-Family-Size-12-oz/291161942?classType=REGULAR",
    "currentPrice": "current price $7.99",
    "pricePerOz": "+$4.99 shipping",
    "pickup": "Shipping, arrives in 3+ days",
    "delivery": "N/A",
    "shipping": "N/A"
  },
  {
    "ioId": "1F3F375T216F",
    "linkIdentifier": "20897693",
    "text": "Wheat Thins Sundried Tomato & Basil Whole Grain Wheat Crackers, 9 oz",
    "href": "/ip/Nabisco-Wheat-Thins-Sundried-Tomato-Basil-Snacks-9-oz/20897693?classType=REGULAR",
    "currentPrice": "N/A",
    "pricePerOz": "N/A",
    "pickup": "Free shipping, arrives in 3+ days",
    "delivery": "N/A",
    "shipping": "N/A"
  },
  {
    "ioId": "59C2BCC8HYYT",
    "linkIdentifier": "230114676",
    "text": "Trader Joe's Pumpkin Cranberry Crisps, 5.3 oz, 1 Pack",
    "href": "/ip/Trader-Joe-s-Pumpkin-Cranberry-Crisps-5-3-oz-1-Pack/230114676?classType=REGULAR",
    "currentPrice": "current price $14.50",
    "pricePerOz": "N/A",
    "pickup": "Free shipping, arrives in 3+ days",
    "delivery": "N/A",
    "shipping": "N/A"
  },
  {
    "ioId": "74RERSHLRC2V",
    "linkIdentifier": "188366021",
    "text": "Lance Sandwich Crackers, ToastChee Peanut Butter, 40 Ct",
    "href": "/ip/Lance-Sandwich-Crackers-ToastChee-Peanut-Butter-40-Ct/188366021?classType=REGULAR",
    "currentPrice": "current price $14.98",
    "pricePerOz": "24.6 ¢/oz",
    "pickup": "Shipping, arrives in 2 days",
    "delivery": "N/A",
    "shipping": "N/A"
  },
  {
    "ioId": "1QNFZTHZ9464",
    "linkIdentifier": "852496225",
    "text": "Lance Toasty and Toastchee Sandwich Snack Crackers, 40 Count",
    "href": "/ip/Lance-Toasty-and-Toastchee-Sandwich-Snack-Crackers-40-Count/852496225?classType=REGULAR",
    "currentPrice": "current price $12.65",
    "pricePerOz": "22.6 ¢/oz",
    "pickup": "Shipping, arrives in 2 days",
    "delivery": "N/A",
    "shipping": "N/A"
  },
  {
    "ioId": "41S1G0YDK6TU",
    "linkIdentifier": "7135554772",
    "text": "Premium Saltine Crackers, Family Size, 24 oz",
    "href": "/ip/Premium-Saltine-Crackers-Family-Size-24-oz/7135554772?classType=REGULAR",
    "currentPrice": "N/A",
    "pricePerOz": "N/A",
    "pickup": "Free shipping, arrives in 3+ days",
    "delivery": "N/A",
    "shipping": "N/A"
  },
  {
    "ioId": "4YIGMWQKA1TX",
    "linkIdentifier": "5069566151",
    "text": "(3 pack) RITZ Cheese Sandwich Crackers, 8 Snack Packs (6 Crackers Per Pack)",
    "href": "/ip/RITZ-Cheese-Sandwich-Crackers-8-Snack-Packs-6-Crackers-Per-Pack/5069566151?classType=REGULAR",
    "currentPrice": "current price $11.91",
    "pricePerOz": "36.8 ¢/oz",
    "pickup": "Pickup today",
    "delivery": "Delivery today",
    "shipping": "Shipping, arrives tomorrow"
  },
  {
    "ioId": "3APHQA86ZJKK",
    "linkIdentifier": "5683971972",
    "text": "Nabisco Wheat Thins Reduced Fat Crackers Family Size 12.5 oz",
    "href": "/ip/Nabisco-Wheat-Thins-Reduced-Fat-Crackers-Family-Size-12-5-oz/5683971972?classType=REGULAR",
    "currentPrice": "current price $7.82",
    "pricePerOz": "+$8.99 shipping",
    "pickup": "Shipping, arrives in 3+ days",
    "delivery": "N/A",
    "shipping": "N/A"
  },
  {
    "ioId": "3ISLUJ3W24XK",
    "linkIdentifier": "8651204174",
    "text": "2X-Ritz Toasted Chips Veggie Crackers - 8.1 oz",
    "href": "/ip/2X-Ritz-Toasted-Chips-Veggie-Crackers-8-1-oz/8651204174?classType=REGULAR",
    "currentPrice": "current price $12.72",
    "pricePerOz": "+$4.99 shipping",
    "pickup": "Shipping, arrives in 3+ days",
    "delivery": "N/A",
    "shipping": "N/A"
  },
  {
    "ioId": "1Z3HQD4QP5NJ",
    "linkIdentifier": "2360766864",
    "text": "Reeses Dipped Animal Crackers Pouch (24 Ounce)",
    "href": "/ip/Reeses-Dipped-Animal-Crackers-Pouch-24-Ounce/2360766864?classType=REGULAR",
    "currentPrice": "current price $15.21",
    "pricePerOz": "N/A",
    "pickup": "Free shipping, arrives in 3+ days",
    "delivery": "N/A",
    "shipping": "N/A"
  },
  {
    "ioId": "1MVJHVONWT7B",
    "linkIdentifier": "796381473",
    "text": "Ritz Crackers, Family Size, Whole Wheat, 19.3 oz",
    "href": "/ip/RITZ-Whole-Wheat-Crackers-Family-Size-19-3-oz/796381473?classType=VARIANT",
    "currentPrice": "current price $4.98",
    "pricePerOz": "25.8 ¢/oz",
    "pickup": "Pickup today",
    "delivery": "Delivery today",
    "shipping": "N/A"
  },
  {
    "ioId": "3YJDKNPAALGK",
    "linkIdentifier": "34632325",
    "text": "RITZ Original Crackers, 10.3 oz",
    "href": "/ip/RITZ-Original-Crackers-10-3-oz/34632325?classType=REGULAR",
    "currentPrice": "current price $6.01",
    "pricePerOz": "58.3 ¢/oz",
    "pickup": "Shipping, arrives in 3+ days",
    "delivery": "N/A",
    "shipping": "N/A"
  },
  {
    "ioId": "370LZUQ7XZCI",
    "linkIdentifier": "1479757001",
    "text": "Goldfish Disney Mickey Mouse Cheddar Crackers, Snack Crackers, 27.3 oz Carton",
    "href": "/ip/Goldfish-Disney-Mickey-Mouse-Cheddar-Crackers-Snack-Crackers-27-3-oz-Carton/1479757001?classType=REGULAR&athbdg=L1300",
    "currentPrice": "current price Now $7.97",
    "pricePerOz": "$8.98",
    "pickup": "Shipping, arrives tomorrow",
    "delivery": "N/A",
    "shipping": "N/A"
  },
  {
    "ioId": "7G7HJIU44LGP",
    "linkIdentifier": "35176564",
    "text": "Ritz Sandwich Crackers, Cheese, 1.35 oz, 16 Count",
    "href": "/ip/Ritz-Sandwich-Crackers-Cheese-1-35-oz-16-Count/35176564?classType=REGULAR",
    "currentPrice": "current price $12.88",
    "pricePerOz": "59.6 ¢/oz",
    "pickup": "Free shipping, arrives in 3+ days",
    "delivery": "N/A",
    "shipping": "N/A"
  },
  {
    "ioId": "2O9RCQAXDW11",
    "linkIdentifier": "40582870",
    "text": "Firehook Mediterranean Baked Crackers, Multigrain Flax, 8 Oz",
    "href": "/ip/Firehook-Mediterranean-Baked-Crackers-Multigrain-Flax-8-Oz/40582870?classType=REGULAR",
    "currentPrice": "current price $17.99",
    "pricePerOz": "$2.25/ea",
    "pickup": "Free shipping, arrives in 3+ days",
    "delivery": "N/A",
    "shipping": "N/A"
  },
  {
    "ioId": "4XFFBLHUT21E",
    "linkIdentifier": "12443969",
    "text": "Carr's Variety Pack Entertainment Crackers, Snack Crackers, 7.05 oz",
    "href": "/ip/Carr-s-Variety-Pack-Entertainment-Crackers-Snack-Crackers-7-05-oz/12443969?classType=REGULAR",
    "currentPrice": "current price $13.65",
    "pricePerOz": "N/A",
    "pickup": "Free shipping, arrives in 3+ days",
    "delivery": "N/A",
    "shipping": "N/A"
  },
  {
    "ioId": "6WYUDQQJVBGK",
    "linkIdentifier": "296030322",
    "text": "Mary's Gone Crackers Organic Sea Salt Real Thin Crackers, 5 oz",
    "href": "/ip/Mary-s-Gone-Crackers-Organic-Sea-Salt-Real-Thin-Crackers-5-oz/296030322?classType=REGULAR",
    "currentPrice": "current price $4.36",
    "pricePerOz": "87.2 ¢/oz",
    "pickup": "Shipping, arrives in 3+ days",
    "delivery": "N/A",
    "shipping": "N/A"
  },
  {
    "ioId": "12G169TUV8MN",
    "linkIdentifier": "11885861972",
    "text": "(2 pack) Schar Gluten Free Table Crackers, 7.4 Ounce - 1.2oz packs per case",
    "href": "/ip/Schar-Gluten-Free-Table-Crackers-with-Sea-Salt-1-2-oz-6-Count/11885861972?classType=REGULAR",
    "currentPrice": "current price $10.96",
    "pricePerOz": "74.1 ¢/oz",
    "pickup": "Pickup today",
    "delivery": "Delivery today",
    "shipping": "Shipping, arrives tomorrow"
  },
  {
    "ioId": "3IWW3WQP76OY",
    "linkIdentifier": "170925389",
    "text": "Premium Saltine Crackers, 12 pk./4 oz.",
    "href": "/ip/Premium-Saltine-Crackers-12-pk-4-oz/170925389?classType=REGULAR",
    "currentPrice": "N/A",
    "pricePerOz": "N/A",
    "pickup": "Free shipping, arrives in 3+ days",
    "delivery": "N/A",
    "shipping": "N/A"
  },
  {
    "ioId": "7JRM40J85A6A",
    "linkIdentifier": "520788848",
    "text": "New Ritz Peanut Butter Cracker Sandwiches, 8 Packets/Pack, Each",
    "href": "/ip/New-Ritz-Peanut-Butter-Cracker-Sandwiches-8-Packets-Pack-Each/520788848?classType=REGULAR",
    "currentPrice": "current price Now $5.00",
    "pricePerOz": "$12.49",
    "pickup": "Shipping, arrives in 3+ days",
    "delivery": "N/A",
    "shipping": "N/A"
  },
  {
    "ioId": "39BQS6J1MDGN",
    "linkIdentifier": "1630985279",
    "text": "La Panzanella Artisan Crackers Mini Croccantini Variety Bundle | Cracked Pepper | Whole Wheat | Roasted Garlic | Rosemary | Toasted Sesame And Original With Kokobunch Kit 6oz (Pack of 6)",
    "href": "/ip/La-Panzanella-Artisan-Crackers-Mini-Croccantini-Variety-Bundle-Cracked-Pepper-Whole-Wheat-Roasted-Garlic-Rosemary-Toasted-Sesame-And-Original-With-Ko/1630985279?classType=REGULAR",
    "currentPrice": "current price $46.90",
    "pricePerOz": "N/A",
    "pickup": "Free shipping, arrives in 3+ days",
    "delivery": "N/A",
    "shipping": "N/A"
  },
  {
    "ioId": "7JODFHFS3BES",
    "linkIdentifier": "1167761410",
    "text": "Mary's Gone Crackers Super Seed Crackers, Organic Plant Based Protein, Gluten Free, Basil & Garlic, 5.5 Ounce (Pack of 6)",
    "href": "/ip/Mary-s-Gone-Crackers-Super-Seed-Crackers-Organic-Plant-Based-Protein-Gluten-Free-Basil-Garlic-5-5-Ounce-Pack-of-6/1167761410?classType=REGULAR",
    "currentPrice": "current price $29.28",
    "pricePerOz": "+$13.86 shipping",
    "pickup": "Shipping, arrives in 3+ days",
    "delivery": "N/A",
    "shipping": "N/A"
  },
  {
    "ioId": "2DKL3YBTJ1X8",
    "linkIdentifier": "2279098864",
    "text": "Individually Wrapped 2-Count Saltine Crackers Value Pack | Pack of 100 (200 Total Crackers)",
    "href": "/ip/Tribeca-Curations-Individually-Wrapped-2-Count-Saltine-Crackers-Value-Pack-Bundle-Pack-of-100-200-Total-Crackers/2279098864?classType=VARIANT",
    "currentPrice": "current price $19.99",
    "pricePerOz": "N/A",
    "pickup": "Free shipping, arrives in 3+ days",
    "delivery": "N/A",
    "shipping": "N/A"
  },
  {
    "ioId": "4V1RVNCS9WIX",
    "linkIdentifier": "6412007258",
    "text": "Pack of 2 Stauffer's Animal Crackers Original, 24 oz Shelf-Stable Bear Jug",
    "href": "/ip/Pack-of-2-Stauffer-s-Animal-Crackers-Original-24-oz-Shelf-Stable-Bear-Jug/6412007258?classType=REGULAR",
    "currentPrice": "current price $24.99",
    "pricePerOz": "N/A",
    "pickup": "Free shipping, arrives in 3+ days",
    "delivery": "N/A",
    "shipping": "N/A"
  },
  {
    "ioId": "2CK9YH76YU0P",
    "linkIdentifier": "13811956700",
    "text": "1PACK,Keebler Toast and Peanut Butter Sandwich Crackers, Single Serve Snack Crackers,",
    "href": "/ip/1PACK-Keebler-Toast-and-Peanut-Butter-Sandwich-Crackers-Single-Serve-Snack-Crackers/13811956700?classType=REGULAR",
    "currentPrice": "current price $5.98",
    "pricePerOz": "+$10.48 shipping",
    "pickup": "Shipping, arrives in 3+ days",
    "delivery": "N/A",
    "shipping": "N/A"
  },
  {
    "ioId": "1TKW6JOZYCJ9",
    "linkIdentifier": "3753731613",
    "text": "Breton/dare - Crackers Sesame - Case of 12-7 OZ",
    "href": "/ip/Breton-dare-Crackers-Sesame-Case-of-12-7-OZ/3753731613?classType=REGULAR",
    "currentPrice": "current price $57.65",
    "pricePerOz": "N/A",
    "pickup": "Free shipping, arrives in 2 days",
    "delivery": "N/A",
    "shipping": "N/A"
  },
  {
    "ioId": "4BUISIVP2DK7",
    "linkIdentifier": "8763470894",
    "text": "Ritz Toasted Chips Cheddar Crackers, 8.1 Oz Packaging May Vary",
    "href": "/ip/Ritz-Toasted-Chips-Cheddar-Crackers-8-1-Oz/8763470894?classType=REGULAR",
    "currentPrice": "current price Now $3.48",
    "pricePerOz": "$6.99",
    "pickup": "Shipping, arrives in 3+ days",
    "delivery": "N/A",
    "shipping": "N/A"
  },
  {
    "ioId": "2RNPNW4XM77P",
    "linkIdentifier": "595963485",
    "text": "Pack of 2 Schar Gluten Free Entertainment Crackers with Sea Salt, 6.2 oz",
    "href": "/ip/Schar-Gluten-Free-Entertainment-Crackers-Salty-6-2-oz-Pack-of-2/595963485?classType=REGULAR",
    "currentPrice": "current price Now $14.95",
    "pricePerOz": "$19.99",
    "pickup": "Shipping, arrives in 3+ days",
    "delivery": "N/A",
    "shipping": "N/A"
  },
  {
    "ioId": "3AGGS448EYJB",
    "linkIdentifier": "7885019843",
    "text": "Teddy Grahams Chocolate Graham Snacks - 10oz pack of 2",
    "href": "/ip/Teddy-Grahams-Chocolate-Graham-Snacks-10oz-pack-of-2/7885019843?classType=REGULAR",
    "currentPrice": "N/A",
    "pricePerOz": "N/A",
    "pickup": "Free shipping, arrives in 3+ days",
    "delivery": "N/A",
    "shipping": "N/A"
  },
  {
    "ioId": "1Z85VTWCFJNL",
    "linkIdentifier": "5010628677",
    "text": "Jalapeno Flavor Sandwich Crackers, 11.04oz (1 Pack)",
    "href": "/ip/Jalapeno-Flavor-Sandwich-Crackers-11-04oz-1-Pack/5010628677?classType=VARIANT",
    "currentPrice": "current price $13.19",
    "pricePerOz": "N/A",
    "pickup": "Shipping, arrives in 2 days",
    "delivery": "N/A",
    "shipping": "N/A"
  },
  {
    "ioId": "5VSYP75245Z7",
    "linkIdentifier": "5959693897",
    "text": "Pack of 2 Austin Peanut Butter on Toasty Sandwich Crackers, Single Serve Snack Crackers, 20 Count",
    "href": "/ip/Pack-of-2-Austin-Peanut-Butter-on-Toasty-Sandwich-Crackers-Single-Serve-Snack-Crackers-20-Count/5959693897?classType=REGULAR",
    "currentPrice": "current price $29.99",
    "pricePerOz": "N/A",
    "pickup": "Free shipping, arrives in 3+ days",
    "delivery": "N/A",
    "shipping": "N/A"
  },
  {
    "ioId": "5E9UVLOD688O",
    "linkIdentifier": "13668213003",
    "text": "1PACK,Teddy Grahams Snacks, Cinnamon",
    "href": "/ip/Teddy-Grahams-Snacks-Cinnamon-PACK-OF-1/13668213003?classType=REGULAR",
    "currentPrice": "N/A",
    "pricePerOz": "N/A",
    "pickup": "Free shipping, arrives in 3+ days",
    "delivery": "N/A",
    "shipping": "N/A"
  },
  {
    "ioId": "3UAYNQLL9YGV",
    "linkIdentifier": "936907585",
    "text": "Cinnamon Teddy Bear Graham Crackers Snack Packs | Curated by .75 Ounce | Pack of 25",
    "href": "/ip/Tribeca-Curations-Cinnamon-Teddy-Bear-Graham-Crackers-Snack-Packs-Curated-by-Tribeca-Curations-75-Ounce-Pack-of-25/936907585?classType=VARIANT",
    "currentPrice": "current price $23.94",
    "pricePerOz": "N/A",
    "pickup": "Free shipping, arrives in 3+ days",
    "delivery": "N/A",
    "shipping": "N/A"
  },
  {
    "ioId": "6NM75BSGS6U9",
    "linkIdentifier": "29188106",
    "text": "Lance Sandwich Crackers, Malt with Peanut Butter, 8 Individually Wrapped Packs, 6 Sandwiches Each",
    "href": "/ip/Lance-Sandwich-Crackers-Malt-with-Peanut-Butter-8-Individually-Wrapped-Packs-6-Sandwiches-Each/29188106?classType=REGULAR",
    "currentPrice": "current price Now $8.61",
    "pricePerOz": "$9.99",
    "pickup": "Free shipping, arrives in 3+ days",
    "delivery": "N/A",
    "shipping": "N/A"
  },
  {
    "ioId": "4NMKCMQE6MHL",
    "linkIdentifier": "42440904",
    "text": "Back to Nature Crispy Wheat Crackers, 8 oz",
    "href": "/ip/Back-to-Nature-Crispy-Wheat-Crackers-8-oz/42440904?classType=REGULAR",
    "currentPrice": "N/A",
    "pricePerOz": "N/A",
    "pickup": "Free shipping, arrives in 2 days",
    "delivery": "N/A",
    "shipping": "N/A"
  },
  {
    "ioId": "203ERJ75ZU4O",
    "linkIdentifier": "30910317",
    "text": "Graham Style Crumbs",
    "href": "/ip/Graham-Style-Crumbs/30910317?classType=VARIANT",
    "currentPrice": "current price $11.99",
    "pricePerOz": "$1.14/oz",
    "pickup": "Free shipping, arrives in 3+ days",
    "delivery": "N/A",
    "shipping": "N/A"
  },
  {
    "ioId": "1HMT04MCHBQU",
    "linkIdentifier": "5301415006",
    "text": "Cheez-It Original Cheese Crackers, Baked Snack Crackers, 21 oz",
    "href": "/ip/Cheez-It-Original-Cheese-Crackers-Baked-Snack-Crackers-21-oz/5301415006?classType=REGULAR",
    "currentPrice": "current price $13.00",
    "pricePerOz": "61.9 ¢/oz",
    "pickup": "Free shipping, arrives in 3+ days",
    "delivery": "N/A",
    "shipping": "N/A"
  },
  {
    "ioId": "1C4X51EC8TU1",
    "linkIdentifier": "126302936",
    "text": "Nabisco Assorted Crackers, 40 Ounce, 4 Packs Per Case",
    "href": "/ip/Nabisco-Assorted-Crackers-40-Ounce-4-Packs-Per-Case/126302936?classType=REGULAR",
    "currentPrice": "current price $66.99",
    "pricePerOz": "$80.98",
    "pickup": "N/A",
    "delivery": "N/A",
    "shipping": "N/A"
  },
  {
    "ioId": "4HQ1SUJBQ1L4",
    "linkIdentifier": "6408514346",
    "text": "Pack of 2 Crunchmaster Multi-Grain Crackers - Sea Salt - 4 oz",
    "href": "/ip/Pack-of-2-Crunchmaster-Multi-Grain-Crackers-Sea-Salt-4-oz/6408514346?classType=REGULAR",
    "currentPrice": "current price $8.99",
    "pricePerOz": "N/A",
    "pickup": "N/A",
    "delivery": "N/A",
    "shipping": "N/A"
  },
  {
    "ioId": "5TUR2L4VYI1X",
    "linkIdentifier": "886442742",
    "text": "NineChef Bundle - JFC J-Basket - Nori Maki Arare (rice crackers wrapped in seaweed) 3 Oz. + 1 NineChef Brand Coffee Spoon",
    "href": "/ip/NineChef-Bundle-JFC-J-Basket-Nori-Maki-Arare-rice-crackers-wrapped-in-seaweed-3-Oz-1-NineChef-Brand-Coffee-Spoon/886442742?classType=VARIANT&athbdg=L1900",
    "currentPrice": "current price $6.99",
    "pricePerOz": "N/A",
    "pickup": "Shipping, arrives in 2 days",
    "delivery": "N/A",
    "shipping": "N/A"
  },
  {
    "ioId": "225000AFY93Q",
    "linkIdentifier": "5032848037",
    "text": "Jalapeno Flavor Sandwich Crackers, 11.04Oz (1 Pack)",
    "href": "/ip/Jalapeno-Flavor-Sandwich-Crackers-11-04Oz-1-Pack/5032848037?classType=VARIANT",
    "currentPrice": "current price $13.99",
    "pricePerOz": "N/A",
    "pickup": "Free shipping, arrives in 3+ days",
    "delivery": "N/A",
    "shipping": "N/A"
  },
  {
    "ioId": "1SHPBWICCBUB",
    "linkIdentifier": "948771790",
    "text": "Wheat Thins Original and Triscuit Original Crackers Variety Pack, 4 Boxes",
    "href": "/ip/Triscuit-Original-Vegan-Crackers-and-Wheat-Thins-Original-Crackers-Variety-Pack-4-Boxes/948771790?classType=REGULAR",
    "currentPrice": "current price $13.12",
    "pricePerOz": "38.6 ¢/oz",
    "pickup": "Shipping, arrives tomorrow",
    "delivery": "N/A",
    "shipping": "N/A"
  },
  {
    "ioId": "51MWJHZMN1NQ",
    "linkIdentifier": "5426466989",
    "text": "Keebler Elf, Original Graham Cracker, 1-Ounce Single Serve Packs (Pack of 150)",
    "href": "/ip/Keebler-Elf-Original-Graham-Cracker-1-Ounce-Single-Serve-Packs-Pack-of-150/5426466989?classType=REGULAR",
    "currentPrice": "current price $68.03",
    "pricePerOz": "N/A",
    "pickup": "Free shipping, arrives in 3+ days",
    "delivery": "N/A",
    "shipping": "N/A"
  },
  {
    "ioId": "43YJMKDOE1OZ",
    "linkIdentifier": "13742811348",
    "text": "Goldfish Original Crackers, Snack Crackers, 6.6 oz,1PACK",
    "href": "/ip/Goldfish-Original-Crackers-Snack-Crackers-6-6-oz-1PACK/13742811348?classType=REGULAR",
    "currentPrice": "N/A",
    "pricePerOz": "N/A",
    "pickup": "Free shipping, arrives in 3+ days",
    "delivery": "N/A",
    "shipping": "N/A"
  },
  {
    "ioId": "2FI21DAM5VIF",
    "linkIdentifier": "8655907577",
    "text": "Barnum's Animal Crackers Snak-Saks - 8 oz",
    "href": "/ip/Barnum-s-Animal-Crackers-Snak-Saks-8-oz/8655907577?classType=REGULAR",
    "currentPrice": "current price $6.92",
    "pricePerOz": "+$9.98 shipping",
    "pickup": "Shipping, arrives in 3+ days",
    "delivery": "N/A",
    "shipping": "N/A"
  },
  {
    "ioId": "0XMF2E4T7J02",
    "linkIdentifier": "169886409",
    "text": "Firehook Bakery Firehook Crackers, 5.5 oz",
    "href": "/ip/Firehook-Bakery-Firehook-Crackers-5-5-oz/169886409?classType=REGULAR",
    "currentPrice": "N/A",
    "pricePerOz": "N/A",
    "pickup": "Free shipping, arrives in 2 days",
    "delivery": "N/A",
    "shipping": "N/A"
  },
  {
    "ioId": "20ACRJ1SV8YD",
    "linkIdentifier": "8881765010",
    "text": "Pack of 2 RITZ Toasted Chips Sour Cream and Onion Crackers, 8.1 oz",
    "href": "/ip/2X-Ritz-Toasted-Chips-Sour-Cream-And-Onion-Crackers-8-1-Oz/8881765010?classType=REGULAR",
    "currentPrice": "current price Now $10.91",
    "pricePerOz": "$13.00",
    "pickup": "Shipping, arrives in 3+ days",
    "delivery": "N/A",
    "shipping": "N/A"
  },
  {
    "ioId": "3N1ZVYFF5NXD",
    "linkIdentifier": "5162885378",
    "text": "BARRITAS DE FRESA 28 PAQUETITOS DE 55g",
    "href": "/ip/BARRITAS-DE-FRESA-28-PAQUETITOS-DE-55g/5162885378?classType=REGULAR",
    "currentPrice": "current price $30.28",
    "pricePerOz": "N/A",
    "pickup": "Free shipping, arrives in 3+ days",
    "delivery": "N/A",
    "shipping": "N/A"
  },
  {
    "ioId": "49XD4ELG2O7H",
    "linkIdentifier": "320996096",
    "text": "Pepperidge Farms Goldfish French Toast Whole Grain Grahams, 1 oz - Case of 300",
    "href": "/ip/Pepperidge-Farms-Goldfish-French-Toast-Whole-Grain-Grahams-1-oz-Case-of-300/320996096?classType=REGULAR&athbdg=L1700",
    "currentPrice": "current price Now $108.50",
    "pricePerOz": "$121.67",
    "pickup": "Free shipping, arrives in 3+ days",
    "delivery": "N/A",
    "shipping": "N/A"
  },
  {
    "ioId": "6UJDIR2VXWAP",
    "linkIdentifier": "403237513",
    "text": "Want-Want Golden Rice Cracker - Black Pepper Flavor (160g)",
    "href": "/ip/Want-Want-Golden-Rice-Cracker-Black-Pepper-Flavor-160g/403237513?classType=REGULAR",
    "currentPrice": "current price $14.95",
    "pricePerOz": "N/A",
    "pickup": "Free shipping, arrives in 3+ days",
    "delivery": "N/A",
    "shipping": "N/A"
  },
  {
    "ioId": "4CF3MJB8R238",
    "linkIdentifier": "5192849889",
    "text": "CRACKER RICE MINI LGHT SLT-5.25 OZ -Pack of 6",
    "href": "/ip/CRACKER-RICE-MINI-LGHT-SLT-5-25-OZ-Pack-of-6/5192849889?classType=REGULAR&athbdg=L1700",
    "currentPrice": "current price Now $24.67",
    "pricePerOz": "$38.48",
    "pickup": "Shipping, arrives in 3+ days",
    "delivery": "N/A",
    "shipping": "N/A"
  },
  {
    "ioId": "25IEQ5WSTY29",
    "linkIdentifier": "13213353262",
    "text": "RITZ Whole Wheat Crackers, 12.9 oz",
    "href": "/ip/RITZ-Whole-Wheat-Crackers-12-9-oz/13213353262?classType=REGULAR",
    "currentPrice": "N/A",
    "pricePerOz": "N/A",
    "pickup": "Free shipping, arrives in 3+ days",
    "delivery": "N/A",
    "shipping": "N/A"
  },
  {
    "ioId": "4V798DRVK6XI",
    "linkIdentifier": "5226911125",
    "text": "(3 pack) Triscuit Minis Original Whole Grain Wheat Crackers, Vegan Crackers, 8 oz",
    "href": "/ip/Triscuit-Minis-Original-Whole-Grain-Wheat-Crackers-Vegan-Crackers-8-oz/5226911125?classType=REGULAR",
    "currentPrice": "current price $10.44",
    "pricePerOz": "43.5 ¢/oz",
    "pickup": "Shipping, arrives tomorrow",
    "delivery": "N/A",
    "shipping": "N/A"
  },
  {
    "ioId": "77TAMYCA3BSY",
    "linkIdentifier": "5230118949",
    "text": "(3 pack) Triscuit Original Whole Grain Wheat Crackers, Vegan Crackers, Healthy Snacks, Family Size, 12.5 oz",
    "href": "/ip/Triscuit-Original-Whole-Grain-Wheat-Crackers-Vegan-Crackers-Family-Size-12-5-oz/5230118949?classType=REGULAR&athbdg=L1600",
    "currentPrice": "current price $14.94",
    "pricePerOz": "39.8 ¢/oz",
    "pickup": "Pickup today",
    "delivery": "Delivery today",
    "shipping": "Shipping, arrives tomorrow"
  },
  {
    "ioId": "5M41FTZAEWLH",
    "linkIdentifier": "1878565521",
    "text": "Nabisco Honey Maid Graham Crackers, Honey 4-14.4oz",
    "href": "/ip/Nabisco-Honey-Maid-Graham-Crackers-Honey-4-14-4oz/1878565521?classType=REGULAR",
    "currentPrice": "N/A",
    "pricePerOz": "N/A",
    "pickup": "Free shipping, arrives in 3+ days",
    "delivery": "N/A",
    "shipping": "N/A"
  },
  {
    "ioId": "1NNVK1QA65JN",
    "linkIdentifier": "20850558",
    "text": "WASA Crispn Light 7 Grains Crispbread, 4.9 Ounce",
    "href": "/ip/Wasa-Crisp-n-Light-7-Grains-Crispbread-4-9-oz/20850558?classType=REGULAR",
    "currentPrice": "N/A",
    "pricePerOz": "N/A",
    "pickup": "Free shipping, arrives in 2 days",
    "delivery": "N/A",
    "shipping": "N/A"
  },
  {
    "ioId": "0TPQHRDA9BSK",
    "linkIdentifier": "16940714",
    "text": "34 Degrees Crackers, Rosemary Entertaining Crisps, 4.5 oz",
    "href": "/ip/34-Degrees-Crackers-Rosemary-Entertaining-Crisps-4-5-oz/16940714?classType=REGULAR",
    "currentPrice": "current price $9.25",
    "pricePerOz": "$2.06/oz",
    "pickup": "Shipping, arrives in 2 days",
    "delivery": "N/A",
    "shipping": "N/A"
  },
  {
    "ioId": "6XI3ZOKMGJHG",
    "linkIdentifier": "5561856068",
    "text": "Handi-Snacks RITZ Crackers 'N Cheesy Dip Snack Packs, 20 Snack Packs",
    "href": "/ip/Handi-Snacks-RITZ-Crackers-N-Cheesy-Dip-Snack-Packs-20-Snack-Packs/5561856068?classType=REGULAR",
    "currentPrice": "N/A",
    "pricePerOz": "N/A",
    "pickup": "Free shipping, arrives in 3+ days",
    "delivery": "N/A",
    "shipping": "N/A"
  },
  {
    "ioId": "5ZHF2W4N9OAV",
    "linkIdentifier": "3344163964",
    "text": "Blue Diamond, Almond Nut-Thins, Rice Cracker Snacks, Hint of Sea Salt, 4.25 oz (120.5 g)",
    "href": "/ip/Blue-Diamond-Almond-Nut-Thins-Rice-Cracker-Snacks-Hint-of-Sea-Salt-4-25-oz-120-5-g/3344163964?classType=REGULAR",
    "currentPrice": "N/A",
    "pricePerOz": "N/A",
    "pickup": "Free shipping, arrives in 3+ days",
    "delivery": "N/A",
    "shipping": "N/A"
  },
  {
    "ioId": "4XDN3LCDEOFR",
    "linkIdentifier": "5918863551",
    "text": "Cheez-It Puff'd White Cheddar Snack Crackers - 5.75oz",
    "href": "/ip/Cheez-It-Puff-d-White-Cheddar-Snack-Crackers-5-75oz/5918863551?classType=REGULAR",
    "currentPrice": "current price $3.78",
    "pricePerOz": "+$8.98 shipping",
    "pickup": "Shipping, arrives in 3+ days",
    "delivery": "N/A",
    "shipping": "N/A"
  },
  {
    "ioId": "3LEIDHULS5ZT",
    "linkIdentifier": "222444066",
    "text": "R. W. Garcia - Cracker 3 Seed Lntl Tur, 5.5 Oz",
    "href": "/ip/R-W-Garcia-Cracker-3-Seed-Lntl-Tur-5-5-Oz/222444066?classType=REGULAR",
    "currentPrice": "current price $9.96",
    "pricePerOz": "$1.81/oz",
    "pickup": "Free shipping, arrives in 3+ days",
    "delivery": "N/A",
    "shipping": "N/A"
  },
  {
    "ioId": "75916N2SNA7B",
    "linkIdentifier": "5440743584",
    "text": "Breton Original Crackers 7 Ounce Pack of 3",
    "href": "/ip/Breton-Original-Crackers-7-Ounce-Pack-of-3/5440743584?classType=REGULAR",
    "currentPrice": "N/A",
    "pricePerOz": "N/A",
    "pickup": "Free shipping, arrives in 3+ days",
    "delivery": "N/A",
    "shipping": "N/A"
  },
  {
    "ioId": "1K4OJAARX5NA",
    "linkIdentifier": "773513403",
    "text": "Triscuit Balsamic Vinegar & Basil Whole Grain Wheat Crackers, 8.5 oz",
    "href": "/ip/Triscuit-Balsamic-Vinegar-Basil-Whole-Grain-Wheat-Crackers-8-5-oz/773513403?classType=REGULAR",
    "currentPrice": "current price $11.36",
    "pricePerOz": "$1.34/oz",
    "pickup": "Shipping, arrives in 2 days",
    "delivery": "N/A",
    "shipping": "N/A"
  },
  {
    "ioId": "421ABTB6V8EB",
    "linkIdentifier": "9417660489",
    "text": "(Pack of 12) Crunchmaster Chili Lime Avocado Toast Rice Crackers, 3.54 oz",
    "href": "/ip/Pack-of-12-Crunchmaster-Avocado-Toast-Crackers-Chili-Lime-3-54-oz/9417660489?classType=REGULAR",
    "currentPrice": "current price $39.19",
    "pricePerOz": "+$15.50 shipping",
    "pickup": "Shipping, arrives in 3+ days",
    "delivery": "N/A",
    "shipping": "N/A"
  },
  {
    "ioId": "76EAFJCUZ8SJ",
    "linkIdentifier": "5067697087",
    "text": "Ritz Peanut Butter Sandwich Cracker Snacks And Cheese Sandwich Crackers, Snack Crackers Variety Pack, 32 Snack Packs",
    "href": "/ip/Ritz-Peanut-Butter-Sandwich-Cracker-Snacks-And-Cheese-Sandwich-Crackers-Snack-Crackers-Variety-Pack-32-Snack-Packs/5067697087?classType=REGULAR",
    "currentPrice": "N/A",
    "pricePerOz": "N/A",
    "pickup": "Free shipping, arrives in 3+ days",
    "delivery": "N/A",
    "shipping": "N/A"
  },
  {
    "ioId": "1H3NB3PV8304",
    "linkIdentifier": "643926148",
    "text": "Crunchmaster Multi-Grain Cracker, 21 oz.",
    "href": "/ip/Crunchmaster-Multi-Grain-Cracker-21-oz/643926148?classType=REGULAR",
    "currentPrice": "current price $24.99",
    "pricePerOz": "N/A",
    "pickup": "Free shipping, arrives in 3+ days",
    "delivery": "N/A",
    "shipping": "N/A"
  },
  {
    "ioId": "34G4OYW5NTB1",
    "linkIdentifier": "1140220376",
    "text": "Japanese Rice Cracker -Amanoya M-Size Himemaru, 3.45 oz",
    "href": "/ip/Japanese-Rice-Cracker-Amanoya-M-Size-Himemaru-3-45-oz/1140220376?classType=REGULAR",
    "currentPrice": "current price $8.99",
    "pricePerOz": "N/A",
    "pickup": "Free shipping, arrives in 3+ days",
    "delivery": "N/A",
    "shipping": "N/A"
  },
  {
    "ioId": "1J64Y8PQV4MS",
    "linkIdentifier": "8888855818",
    "text": "2X-Ritz Toasted Chips Cheddar Crackers - 8.1 oz",
    "href": "/ip/2X-Ritz-Toasted-Chips-Cheddar-Crackers-8-1-Oz/8888855818?classType=REGULAR",
    "currentPrice": "current price $18.59",
    "pricePerOz": "N/A",
    "pickup": "Free shipping, arrives in 3+ days",
    "delivery": "N/A",
    "shipping": "N/A"
  },
  {
    "ioId": "3KSUB6SAA2GM",
    "linkIdentifier": "8620024739",
    "text": "Firehook Baked Multigrain Flax Crackers 8 oz (Pack Of 12)",
    "href": "/ip/Firehook-Baked-Multigrain-Flax-Crackers-8-oz-Pack-Of-12/8620024739?classType=VARIANT",
    "currentPrice": "current price $108.99",
    "pricePerOz": "N/A",
    "pickup": "Free shipping, arrives in 3+ days",
    "delivery": "N/A",
    "shipping": "N/A"
  },
  {
    "ioId": "5OKL3TF3Q5D5",
    "linkIdentifier": "8888674865",
    "text": "2X - Nabisco Flavor Originals Sociables Baked Savory Crackers, 7.5 Oz",
    "href": "/ip/2X-Nabisco-Flavor-Originals-Sociables-Baked-Savory-Crackers-7-5-Oz/8888674865?classType=REGULAR",
    "currentPrice": "current price $14.70",
    "pricePerOz": "+$5.99 shipping",
    "pickup": "Shipping, arrives in 3+ days",
    "delivery": "N/A",
    "shipping": "N/A"
  },
  {
    "ioId": "5Q5Z3OS433LU",
    "linkIdentifier": "5589821725",
    "text": "(2 pack) Keebler, Zesta, Saltine Crackers, Original, Single Serve, 0.20 Oz(Pack of 300)",
    "href": "/ip/Keebler-Zesta-Saltine-Crackers-Original-Single-Serve-0-20-Oz-Pack-of-300/5589821725?classType=REGULAR",
    "currentPrice": "current price $64.56",
    "pricePerOz": "N/A",
    "pickup": "Free shipping, arrives in 3+ days",
    "delivery": "N/A",
    "shipping": "N/A"
  },
  {
    "ioId": "3SDS9F392J0J",
    "linkIdentifier": "5318898650",
    "text": "Animal Crackers, Crackers individual CM31bags, Variety Crackers Snack Bulk Packs - Graham Cracker, Keebler, Whole Grain, No High Fructose Corn Syrup, 1 oz Packets. (Pack of 25)",
    "href": "/ip/Animal-Crackers-Crackers-individual-CM31-nbsp-bags-Variety-Snack-Bulk-Packs-Graham-Cracker-Keebler-Whole-Grain-No-High-Fructose-Corn-Syrup-1-oz-Packe/5318898650?classType=REGULAR",
    "currentPrice": "current price $20.99",
    "pricePerOz": "N/A",
    "pickup": "Free shipping, arrives in 3+ days",
    "delivery": "N/A",
    "shipping": "N/A"
  },
  {
    "ioId": "16SBLTFRX6J9",
    "linkIdentifier": "14571624504",
    "text": "( 2 Pack ) Town House Kellogg's Pita Crackers Oven Baked Crackers, Mediterranean Herb, 9.5 Oz",
    "href": "/ip/2-Pack-Town-House-Kellogg-s-Pita-Crackers-Oven-Baked-Crackers-Mediterranean-Herb-9-5-Oz/14571624504?classType=REGULAR",
    "currentPrice": "current price $17.99",
    "pricePerOz": "N/A",
    "pickup": "Free shipping, arrives in 3+ days",
    "delivery": "N/A",
    "shipping": "N/A"
  },
  {
    "ioId": "1FBJXURYWRWQ",
    "linkIdentifier": "21555738",
    "text": "Goldfish Colors Cheddar Cheese Crackers, 2 oz Carton",
    "href": "/ip/Pepperidge-Farm-Goldfish-Colors-Baked-Snack-Crackers-2-oz/21555738?classType=VARIANT",
    "currentPrice": "N/A",
    "pricePerOz": "N/A",
    "pickup": "Free shipping, arrives in 3+ days",
    "delivery": "N/A",
    "shipping": "N/A"
  },
  {
    "ioId": "6A7BZTJ1IWN9",
    "linkIdentifier": "951880516",
    "text": "Club Sea Salt Cracker Crisps, Baked Snack Crackers, 7.1 oz",
    "href": "/ip/Club-Sea-Salt-Cracker-Crisps-Baked-Snack-Crackers-7-1-oz/951880516?classType=REGULAR",
    "currentPrice": "N/A",
    "pricePerOz": "N/A",
    "pickup": "Free shipping, arrives in 3+ days",
    "delivery": "N/A",
    "shipping": "N/A"
  },
  {
    "ioId": "4OQRC3TC1B76",
    "linkIdentifier": "10804458",
    "text": "Stauffer's Original Animal Crackers, 16oz Shelf-Stable Bag",
    "href": "/ip/Stauffer-s-Original-Animal-Crackers-16-Oz/10804458?classType=REGULAR",
    "currentPrice": "current price $9.99",
    "pricePerOz": "62.4 ¢/oz",
    "pickup": "Shipping, arrives in 2 days",
    "delivery": "N/A",
    "shipping": "N/A"
  },
  {
    "ioId": "2V8DQFARKLC5",
    "linkIdentifier": "451791154",
    "text": "San-J Tamari Black Sesame Brown Rice Crackers 3.7 oz Pack of 4",
    "href": "/ip/San-J-Tamari-Black-Sesame-Brown-Rice-Crackers-3-7-oz-Pack-of-4/451791154?classType=REGULAR",
    "currentPrice": "current price $27.99",
    "pricePerOz": "N/A",
    "pickup": "N/A",
    "delivery": "N/A",
    "shipping": "N/A"
  },
  {
    "ioId": "31TMA4GJZ7QS",
    "linkIdentifier": "8686256476",
    "text": "Keebler Deluxe Grahams Original Graham Crackers - 12.5 oz",
    "href": "/ip/Keebler-Deluxe-Grahams-Original-Graham-Crackers-12-5-oz/8686256476?classType=undefined",
    "currentPrice": "N/A",
    "pricePerOz": "N/A",
    "pickup": "N/A",
    "delivery": "N/A",
    "shipping": "N/A"
  },
  {
    "ioId": "4IZG1W4KMCVT",
    "linkIdentifier": "399070809",
    "text": "Crunchmaster 5 Seed Multi-Grain Cracker with Olive Oil (5 oz., 4 pk.)",
    "href": "/ip/Crunchmaster-5-Seed-Multi-Grain-Cracker-5-oz-4-pk/399070809?classType=REGULAR",
    "currentPrice": "current price $16.90",
    "pricePerOz": "N/A",
    "pickup": "Free shipping, arrives in 3+ days",
    "delivery": "N/A",
    "shipping": "N/A"
  },
  {
    "ioId": "215Q9OPFF1HM",
    "linkIdentifier": "5360574256",
    "text": "RITZ Toasted Chips Variety Pack with Cheddar, Sour Cream and Onion, and Original Crackers",
    "href": "/ip/RITZ-Toasted-Chips-Variety-Pack-with-Cheddar-Sour-Cream-and-Onion-and-Original-Crackers/5360574256?classType=REGULAR",
    "currentPrice": "N/A",
    "pricePerOz": "N/A",
    "pickup": "Free shipping, arrives in 3+ days",
    "delivery": "N/A",
    "shipping": "N/A"
  },
  {
    "ioId": "1S8SENVCO740",
    "linkIdentifier": "698802881",
    "text": "Nabisco Team Favorites Variety Pack, OREO Mini, CHIPS AHOY! Mini, Teddy Grahams Honey & Barnum's Animal Crackers, School Lunch Box Snacks, 30 Snack Packs",
    "href": "/ip/Nabisco-Team-Favorites-Variety-Pack-OREO-Mini-CHIPS-AHOY-Teddy-Grahams-Honey-Barnum-s-Animal-Crackers-School-Lunch-Box-Snacks-30-Snack-Packs/698802881?classType=REGULAR",
    "currentPrice": "current price $20.00",
    "pricePerOz": "+$9.87 shipping",
    "pickup": "Shipping, arrives in 3+ days",
    "delivery": "N/A",
    "shipping": "N/A"
  },
  {
    "ioId": "1C9J6IA0IC5P",
    "linkIdentifier": "691905333",
    "text": "Real Food From The Ground Up Cauliflower Cheddar Crackers, 4 oz box",
    "href": "/ip/Real-Food-From-The-Ground-Up-Cauliflower-Cheddar-Crackers-4-oz-box/691905333?classType=REGULAR",
    "currentPrice": "current price $5.45",
    "pricePerOz": "$1.36/oz",
    "pickup": "Shipping, arrives in 3+ days",
    "delivery": "N/A",
    "shipping": "N/A"
  },
  {
    "ioId": "40Y7RYPXIC53",
    "linkIdentifier": "1835320947",
    "text": "Simple Mills Almond Flour Crackers, Farmhouse Cheddar Snack Packs - Gluten Free, Healthy Snacks, 4.9 Ounce (Pack of 1)",
    "href": "/ip/Simple-Mills-Almond-Flour-Crackers-Farmhouse-Cheddar-Snack-Packs-Gluten-Free-Healthy-Snacks-4-9-Ounce-Pack-of-1/1835320947?classType=REGULAR",
    "currentPrice": "N/A",
    "pricePerOz": "N/A",
    "pickup": "Free shipping, arrives in 3+ days",
    "delivery": "N/A",
    "shipping": "N/A"
  },
  {
    "ioId": "17KVK78MXMU9",
    "linkIdentifier": "827432223",
    "text": "Stauffer's Animal Crackers, Original, 24 oz",
    "href": "/ip/Stauffer-s-Animal-Crackers-Original-24-oz/827432223?classType=REGULAR",
    "currentPrice": "current price $9.90",
    "pricePerOz": "N/A",
    "pickup": "Free shipping, arrives in 3+ days",
    "delivery": "N/A",
    "shipping": "N/A"
  },
  {
    "ioId": "3DJ0QI7YNCXI",
    "linkIdentifier": "798658316",
    "text": "An item Of Lance ToastChee Peanut Butter Crackers (1.52 oz., 40ct.)",
    "href": "/ip/An-item-Of-Lance-ToastChee-Peanut-Butter-Crackers-1-52-oz-40ct/798658316?classType=REGULAR",
    "currentPrice": "current price $15.49",
    "pricePerOz": "N/A",
    "pickup": "Free shipping, arrives in 3+ days",
    "delivery": "N/A",
    "shipping": "N/A"
  },
  {
    "ioId": "3P9TMEO36SA0",
    "linkIdentifier": "13815271784",
    "text": "Pepperidge Farm Goldfish Pretzel Crackers,(1PACK),",
    "href": "/ip/Pepperidge-Farm-Goldfish-Pretzel-Crackers-1PACK/13815271784?classType=REGULAR",
    "currentPrice": "current price $3.50",
    "pricePerOz": "+$8.48 shipping",
    "pickup": "Shipping, arrives in 3+ days",
    "delivery": "N/A",
    "shipping": "N/A"
  },
  {
    "ioId": "675G734D0O4J",
    "linkIdentifier": "828987456",
    "text": "Crunchmaster Crackers, Sea Salt, 4 oz | bundle 3 bags | 22gr Whole grains, No artificial Color and Flavors | No cholesterol | Gluten Free",
    "href": "/ip/Crunchmaster-Crackers-Sea-Salt-4-oz-bundle-3-bags-22gr-Whole-grains-No-artificial-Color-and-Flavors-No-cholesterol-Gluten-Free/828987456?classType=REGULAR",
    "currentPrice": "current price Now $22.99",
    "pricePerOz": "$26.47",
    "pickup": "Free shipping, arrives in 3+ days",
    "delivery": "N/A",
    "shipping": "N/A"
  },
  {
    "ioId": "1B4MR6JA0MD3",
    "linkIdentifier": "813492336",
    "text": "Keebler Variety Pack Sandwich Crackers, Single Serve Snack Crackers, 45 Count",
    "href": "/ip/Keebler-Variety-Pack-Sandwich-Crackers-Single-Serve-Snack-Crackers-3-881-lb-45-Count/813492336?classType=REGULAR",
    "currentPrice": "current price $26.07",
    "pricePerOz": "$6.72/lb",
    "pickup": "Free shipping, arrives in 3+ days",
    "delivery": "N/A",
    "shipping": "N/A"
  },
  {
    "ioId": "6L4K0ISUJMRR",
    "linkIdentifier": "14369554466",
    "text": "Back to Nature Cheese OIF8Flavored Crackers - Individual Lunchbox Grab & Go Snack Bags - Vegan Cheddalicious, 1 Ounce Pouches (6 Count)",
    "href": "/ip/Back-to-Nature-Cheese-Flavored-HYZ01-Crackers-Individual-Lunchbox-Grab-Go-Snack-Bags-Vegan-Cheddalicious-1-Ounce-Pouches-6-Count/14369554466?classType=REGULAR",
    "currentPrice": "N/A",
    "pricePerOz": "N/A",
    "pickup": "Free shipping, arrives in 3+ days",
    "delivery": "N/A",
    "shipping": "N/A"
  },
  {
    "ioId": "4Y4POFVD8SAP",
    "linkIdentifier": "5122231312",
    "text": "Simple Mills Almond Flour Crackers, Family Size, Fine Ground Sea Salt - Gluten Free, Vegan, Healthy Snacks, 7 Ounce (Pack of 2)",
    "href": "/ip/Simple-Mills-Almond-Flour-Crackers-Family-Size-Fine-Ground-Sea-Salt-Gluten-Free-Vegan-Healthy-Snacks-7-Ounce-Pack-of-2/5122231312?classType=REGULAR",
    "currentPrice": "N/A",
    "pricePerOz": "N/A",
    "pickup": "Free shipping, arrives in 3+ days",
    "delivery": "N/A",
    "shipping": "N/A"
  },
  {
    "ioId": "652GROQ50WW2",
    "linkIdentifier": "205121242",
    "text": "Mustache Munchies, \"PARMESAN\" ROSEMARY Plant-based \"Cheese\" Crackers, 4oz",
    "href": "/ip/Mustache-Munchies-PARMESAN-ROSEMARY-Plant-based-Cheese-Crackers-4oz/205121242?classType=REGULAR",
    "currentPrice": "current price $19.50",
    "pricePerOz": "$4.88/oz",
    "pickup": "Free shipping, arrives in 3+ days",
    "delivery": "N/A",
    "shipping": "N/A"
  },
  {
    "ioId": "6TA6E5MKUSM8",
    "linkIdentifier": "55357934",
    "text": "Annie's Organic Variety Pack, Cheddar Bunnies, Bunny Grahams and Cheddar Squares, 12 Count",
    "href": "/ip/ANN-MWO-SNCK-PACKS-VP-12CT/55357934?classType=REGULAR",
    "currentPrice": "current price $12.13",
    "pricePerOz": "$17.84/lb",
    "pickup": "Free shipping, arrives in 3+ days",
    "delivery": "N/A",
    "shipping": "N/A"
  },
  {
    "ioId": "12FUO9ZP6D3F",
    "linkIdentifier": "8642822678",
    "text": "2X-Barnum's Animal Crackers Snak-Saks - 8 oz",
    "href": "/ip/2X-Barnum-s-Animal-Crackers-Snak-Saks-8-oz/8642822678?classType=REGULAR",
    "currentPrice": "current price $11.19",
    "pricePerOz": "+$4.99 shipping",
    "pickup": "Shipping, arrives in 3+ days",
    "delivery": "N/A",
    "shipping": "N/A"
  },
  {
    "ioId": "29R8ZMNPGEF9",
    "linkIdentifier": "2899467189",
    "text": "Austin Cheese On Cheese Crackers, 1 oz - Case of 96",
    "href": "/ip/Austin-Cheese-On-Cheese-Crackers-1-oz-Case-of-96/2899467189?classType=VARIANT",
    "currentPrice": "current price $72.89",
    "pricePerOz": "N/A",
    "pickup": "Free shipping, arrives in 3+ days",
    "delivery": "N/A",
    "shipping": "N/A"
  },
  {
    "ioId": "5WKVNALKFYF6",
    "linkIdentifier": "579109220",
    "text": "Wellsley Farms Animal Crackers, 62 oz Tub, Each",
    "href": "/ip/Wellsley-Farms-Animal-Crackers-62-oz/579109220?classType=REGULAR",
    "currentPrice": "current price $17.99",
    "pricePerOz": "N/A",
    "pickup": "Free shipping, arrives in 3+ days",
    "delivery": "N/A",
    "shipping": "N/A"
  },
  {
    "ioId": "59ILFKS30DUA",
    "linkIdentifier": "6400761000",
    "text": "Lance Sandwich Crackers, Captain's OIF8Wafers Cream Cheese and Chives, 20 Packs, 6 Sandwiches Each",
    "href": "/ip/Pack-of-2-Lance-Sandwich-Crackers-Captain-s-Wafers-Cream-Cheese-and-Chives-20-Packs-6-Sandwiches-Each/6400761000?classType=REGULAR",
    "currentPrice": "current price $12.50",
    "pricePerOz": "N/A",
    "pickup": "Free shipping, arrives in 3+ days",
    "delivery": "N/A",
    "shipping": "N/A"
  },
  {
    "ioId": "6VLGR7TSP5XG",
    "linkIdentifier": "169690161",
    "text": "Lance Sandwich Crackers, ToastChee Cheddar, 40 Individually Wrapped Packs",
    "href": "/ip/Lance-Sandwich-Crackers-ToastChee-Cheddar-40-Individually-Wrapped-Packs/169690161?classType=REGULAR",
    "currentPrice": "current price $21.40",
    "pricePerOz": "N/A",
    "pickup": "Free shipping, arrives in 3+ days",
    "delivery": "N/A",
    "shipping": "N/A"
  },
  {
    "ioId": "4IYG5S0HL4LF",
    "linkIdentifier": "361507974",
    "text": "Triscuit Rosemary & Olive Oil Crackers, 200g/ 7.1 oz. Box",
    "href": "/ip/CHRISTIE-TRISCUIT-CRACKERS-ROSEMARY-AND-OLIVE-OIL-1X200-000-GR/361507974?classType=REGULAR",
    "currentPrice": "current price Now $5.10",
    "pricePerOz": "$19.99",
    "pickup": "Shipping, arrives in 3+ days",
    "delivery": "N/A",
    "shipping": "N/A"
  },
  {
    "ioId": "6VIFHAI47BAA",
    "linkIdentifier": "5608671292",
    "text": "Trader Joe's Gluten Free Rice Cracker Snack Mix Medley, 8 oz Bag (Pack of 2)",
    "href": "/ip/Trader-Joe-s-Gluten-Free-Rice-Cracker-Snack-Mix-Medley-8-oz-Bag-Pack-of-2/5608671292?classType=REGULAR",
    "currentPrice": "current price $21.07",
    "pricePerOz": "N/A",
    "pickup": "Shipping, arrives in 2 days",
    "delivery": "N/A",
    "shipping": "N/A"
  },
  {
    "ioId": "27XS74MOMD4T",
    "linkIdentifier": "678598230",
    "text": "Mary's Gone Crackers, Super Seed Crackers, Everything, 5.5 oz Pack of 2",
    "href": "/ip/Mary-s-Gone-Crackers-Super-Seed-Crackers-Everything-5-5-oz-Pack-of-2/678598230?classType=REGULAR",
    "currentPrice": "current price $17.99",
    "pricePerOz": "N/A",
    "pickup": "Free shipping, arrives in 3+ days",
    "delivery": "N/A",
    "shipping": "N/A"
  },
  {
    "ioId": "3WRL3Y5XHDND",
    "linkIdentifier": "11947324324",
    "text": "Munchies Doritos Jalapeno Cheddar Cheese Sandwich Crackers, 1.38 oz, 8 Count (Pack of 4)",
    "href": "/ip/Munchies-Doritos-Jalapeno-Cheddar-Cheese-Sandwich-Crackers-1-38-oz-8-Count-Pack-of-4/11947324324?classType=VARIANT",
    "currentPrice": "current price $28.49",
    "pricePerOz": "+$11.49 shipping",
    "pickup": "Shipping, arrives in 3+ days",
    "delivery": "N/A",
    "shipping": "N/A"
  },
  {
    "ioId": "3HKUGXS28V7S",
    "linkIdentifier": "5536691986",
    "text": "Pack Of 9 Quaker Rice Crisps Gluten Free Cheddar Cheese And Flavor | 0.67 Oz Per Pack | GOLDENROW",
    "href": "/ip/Pack-Of-9-Quaker-Rice-Crisps-Gluten-Free-Cheddar-Cheese-And-Flavor-0-67-Oz-Per-Pack-GOLDENROW/5536691986?classType=VARIANT",
    "currentPrice": "current price $10.29",
    "pricePerOz": "+$4.99 shipping",
    "pickup": "Shipping, arrives in 3+ days",
    "delivery": "N/A",
    "shipping": "N/A"
  },
  {
    "ioId": "529UF53TTQRK",
    "linkIdentifier": "48236177",
    "text": "Nature Valley Biscuit Sandwiches, Peanut Butter Snack, 5 ct, 6.75 OZ",
    "href": "/ip/Nature-Valley-Biscuit-Sandwiches-Peanut-Butter-Snack-5-ct-6-75-OZ/48236177?classType=VARIANT",
    "currentPrice": "current price $9.99",
    "pricePerOz": "$1.48/oz",
    "pickup": "Shipping, arrives in 2 days",
    "delivery": "N/A",
    "shipping": "N/A"
  },
  {
    "ioId": "1VHU9Q2KS9M4",
    "linkIdentifier": "12116360108",
    "text": "Ritz Crackers Sandwiches Bits Peanut Butter 8.8 oz",
    "href": "/ip/Ritz-Crackers-Sandwiches-Bits-Peanut-Butter-8-8-oz/12116360108?classType=REGULAR",
    "currentPrice": "N/A",
    "pricePerOz": "N/A",
    "pickup": "Free shipping, arrives in 3+ days",
    "delivery": "N/A",
    "shipping": "N/A"
  },
  {
    "ioId": "4FBADE0O5WIX",
    "linkIdentifier": "5700924716",
    "text": "Nabisco Wheat Thins Sundried Tomato & Basil Crackers 8.5 oz",
    "href": "/ip/Nabisco-Wheat-Thins-Sundried-Tomato-Basil-Crackers-8-5-oz/5700924716?classType=REGULAR",
    "currentPrice": "current price Now $4.29",
    "pricePerOz": "$7.09",
    "pickup": "Shipping, arrives in 3+ days",
    "delivery": "N/A",
    "shipping": "N/A"
  },
  {
    "ioId": "5E39FV0OXWO6",
    "linkIdentifier": "153136667",
    "text": "Christie Wheat Thins Spinach & Roasted Garlic Crackers, 175g/6.2 oz., Box",
    "href": "/ip/Christie-Wheat-Thins-Spinach-Roasted-Garlic-Crackers-175g-6-2-oz-Imported-from-Canada/153136667?classType=REGULAR",
    "currentPrice": "current price $19.99",
    "pricePerOz": "N/A",
    "pickup": "Free shipping, arrives in 3+ days",
    "delivery": "N/A",
    "shipping": "N/A"
  },
  {
    "ioId": "3VCDK5BCIGUW",
    "linkIdentifier": "5274624020",
    "text": "(4 pack) Milton's Gluten Free Crackers - Everything Seasoning, 4.5oz, Plastic Bag",
    "href": "/ip/Milton-s-Craft-Bakers-Gluten-Free-Crispy-Everything-Seasoning-Crackers-4-5oz/5274624020?classType=REGULAR",
    "currentPrice": "current price $13.92",
    "pricePerOz": "77.3 ¢/oz",
    "pickup": "Shipping, arrives tomorrow",
    "delivery": "N/A",
    "shipping": "N/A"
  },
  {
    "ioId": "2DE65ZH4S9RS",
    "linkIdentifier": "247347748",
    "text": "Crunchmaster Multi-Seed Roasted Garlic Cracker, 4.0 OZ, 1 Plastic Pouch",
    "href": "/ip/Crunchmaster-Multi-Seed-Roasted-Garlic-Cracker-4-0-OZ-Pack-of-12/247347748?classType=VARIANT",
    "currentPrice": "current price Now $10.01",
    "pricePerOz": "$42.86",
    "pickup": "Shipping, arrives in 2 days",
    "delivery": "N/A",
    "shipping": "N/A"
  },
  {
    "ioId": "4LNGC2A7IG0I",
    "linkIdentifier": "5173041118",
    "text": "Quaker Rice Crisps, Gluten Free, HYZ01 4 Flavor Sweet and Savory Variety Mix, Single Serve, 30 count",
    "href": "/ip/Quaker-Rice-Crisps-Gluten-Free-4-Flavor-Sweet-And-Savory-Variety-Mix-Single-Serve-0-67Oz-30-Count/5173041118?classType=REGULAR",
    "currentPrice": "N/A",
    "pricePerOz": "N/A",
    "pickup": "Free shipping, arrives in 3+ days",
    "delivery": "N/A",
    "shipping": "N/A"
  },
  {
    "ioId": "62SCGW1OX21U",
    "linkIdentifier": "510998158",
    "text": "Blue Diamond Artisan Nut-Thins Cracker Snacks Multi-Seeds 4.25 oz Pack of 3",
    "href": "/ip/Blue-Diamond-Artisan-Nut-Thins-Cracker-Snacks-Multi-Seeds-4-25-oz-Pack-of-3/510998158?classType=REGULAR",
    "currentPrice": "current price Now $14.90",
    "pricePerOz": "$24.94",
    "pickup": "Shipping, arrives in 3+ days",
    "delivery": "N/A",
    "shipping": "N/A"
  },
  {
    "ioId": "13N3FPAYLTCT",
    "linkIdentifier": "5464800621",
    "text": "RITZ Original Crackers and Easy Cheese Cheddar Snack Variety Pack, 1 Family Size Box & 2 Cans",
    "href": "/ip/Ritz-Original-Crackers-And-Easy-Cheese-Cheddar-Snack-Variety-Pack-1-Family-Size-Box-2-Cans/5464800621?classType=REGULAR",
    "currentPrice": "current price $24.97",
    "pricePerOz": "+$9.99 shipping",
    "pickup": "Shipping, arrives in 3+ days",
    "delivery": "N/A",
    "shipping": "N/A"
  },
  {
    "ioId": "59OO9QOOTNS7",
    "linkIdentifier": "972203787",
    "text": "Cheez-It Snap'd Double Cheese Cracker Chips, Thin Crisps, 12 Count",
    "href": "/ip/Cheez-It-Snap-d-Double-Cheese-Cracker-Chips-Thin-Crisps-12-Count/972203787?classType=REGULAR",
    "currentPrice": "N/A",
    "pricePerOz": "N/A",
    "pickup": "Free shipping, arrives in 3+ days",
    "delivery": "N/A",
    "shipping": "N/A"
  },
  {
    "ioId": "4F1V6UM7CLHS",
    "linkIdentifier": "525211825",
    "text": "LAIKI Black Rice Crackers - Gluten Free Snacks - Deliciously Light and Airy Crunch - Allergen-Friendly, Vegan, Non-GMO Verified, FODMAP Friendly Rice Crackers Red Rice - 3.53 Ounce Bag (Pack of 8)",
    "href": "/ip/LAIKI-Black-Rice-Crackers-Gluten-Free-Snacks-Deliciously-Light-Airy-Crunch-Allergen-Friendly-Vegan-Non-GMO-Verified-FODMAP-Friendly-Red-3-53-Ounce-Ba/525211825?classType=VARIANT",
    "currentPrice": "current price $29.89",
    "pricePerOz": "N/A",
    "pickup": "Shipping, arrives in 2 days",
    "delivery": "N/A",
    "shipping": "N/A"
  },
  {
    "ioId": "242179SLQ1F9",
    "linkIdentifier": "176085771",
    "text": "Want Want Japanese Seaweed Rice Crackers, 150 Gm",
    "href": "/ip/Want-Want-Japanese-Seaweed-Rice-Crackers-150-Gm/176085771?classType=REGULAR",
    "currentPrice": "current price $13.99",
    "pricePerOz": "N/A",
    "pickup": "Free shipping, arrives in 3+ days",
    "delivery": "N/A",
    "shipping": "N/A"
  },
  {
    "ioId": "3DIB3DVEHL2U",
    "linkIdentifier": "40152821",
    "text": "Hadar Tirosh Sandwich Biscuits, 6.1 oz",
    "href": "/ip/Hadar-Tirosh-Sandwich-Biscuits-6-1-oz/40152821?classType=VARIANT",
    "currentPrice": "current price $9.95",
    "pricePerOz": "$1.63/oz",
    "pickup": "Free shipping, arrives in 3+ days",
    "delivery": "N/A",
    "shipping": "N/A"
  },
  {
    "ioId": "4VSFSJXI2152",
    "linkIdentifier": "13681371121",
    "text": "Triscuit Cracked Pepper & Olive Oil Whole Grain Wheat Crackers,1PACK",
    "href": "/ip/Triscuit-Cracked-Pepper-Olive-Oil-Whole-Grain-Wheat-Crackers-1PACK/13681371121?classType=undefined",
    "currentPrice": "N/A",
    "pricePerOz": "N/A",
    "pickup": "N/A",
    "delivery": "N/A",
    "shipping": "N/A"
  },
  {
    "ioId": "62DVPF9T8ZL3",
    "linkIdentifier": "10370809789",
    "text": "Lance Sandwich Crackers, Captain's Wafers Peanut Butter and Honey, 10 Packs, 6 Sandwiches Each With supplyplex Spoon",
    "href": "/ip/Lance-Sandwich-Crackers-Captain-s-Wafers-Peanut-Butter-and-Honey-10-Packs-6-Sandwiches-Each-With-supplyplex-Spoon/10370809789?classType=REGULAR",
    "currentPrice": "current price $9.99",
    "pricePerOz": "N/A",
    "pickup": "N/A",
    "delivery": "N/A",
    "shipping": "N/A"
  },
  {
    "ioId": "2GCHON5YIXE0",
    "linkIdentifier": "472689773",
    "text": "Cookie Pop OREO Popcorn, 5.25 oz.",
    "href": "/ip/Cookie-Pop-OREO-Popcorn-5-25-oz/472689773?classType=REGULAR",
    "currentPrice": "current price Now $4.62",
    "pricePerOz": "$13.00",
    "pickup": "Shipping, arrives in 3+ days",
    "delivery": "N/A",
    "shipping": "N/A"
  },
  {
    "ioId": "6UQ7WTS1W39I",
    "linkIdentifier": "933380445",
    "text": "Oishi Prawn Crackers (Large), 100 Gram",
    "href": "/ip/Oishi-Prawn-Crackers-Large-100-Gram/933380445?classType=REGULAR",
    "currentPrice": "current price $8.99",
    "pricePerOz": "N/A",
    "pickup": "Free shipping, arrives in 3+ days",
    "delivery": "N/A",
    "shipping": "N/A"
  },
  {
    "ioId": "67SV9CHXW52B",
    "linkIdentifier": "5935511191",
    "text": "Mary's Gone Crackers, Herb, 6.5 Ounce",
    "href": "/ip/Mary-s-Gone-Crackers-Herb-6-5-Ounce/5935511191?classType=REGULAR",
    "currentPrice": "N/A",
    "pricePerOz": "N/A",
    "pickup": "Free shipping, arrives in 3+ days",
    "delivery": "N/A",
    "shipping": "N/A"
  },
  {
    "ioId": "341FRCEGA53M",
    "linkIdentifier": "5527244880",
    "text": "Nabisco Ritz Original Crackers 13.7 oz",
    "href": "/ip/Nabisco-Ritz-Original-Crackers-13-7-oz/5527244880?classType=REGULAR",
    "currentPrice": "current price $15.49",
    "pricePerOz": "N/A",
    "pickup": "Free shipping, arrives in 3+ days",
    "delivery": "N/A",
    "shipping": "N/A"
  },
  {
    "ioId": "1BND8IOLJ1MP",
    "linkIdentifier": "511748828",
    "text": "Triscuit Thin Crisps Parmesan Garlic Whole Grain Wheat Crackers, 7.1 oz",
    "href": "/ip/Triscuit-Thin-Crisps-Parmesan-Garlic-Whole-Grain-Wheat-Crackers-7-1-oz/511748828?classType=REGULAR",
    "currentPrice": "current price $11.24",
    "pricePerOz": "$1.58/oz",
    "pickup": "Shipping, arrives in 2 days",
    "delivery": "N/A",
    "shipping": "N/A"
  },
  {
    "ioId": "7JAJBDHU6NOH",
    "linkIdentifier": "1319708600",
    "text": "Mary's Gone Crackers Super Seed Jalapeno Crackers, 5.5 oz",
    "href": "/ip/Price-Case-Mary-s-Gone-Crackers-Cracker-Ss-Jalapno-Case-of-6-5-5-OZ/1319708600?classType=VARIANT",
    "currentPrice": "current price $4.68",
    "pricePerOz": "85.1 ¢/oz",
    "pickup": "Shipping, arrives tomorrow",
    "delivery": "N/A",
    "shipping": "N/A"
  },
  {
    "ioId": "2UB6ACWOCF51",
    "linkIdentifier": "157189143",
    "text": "Kirkland Signature Organic Animal Crackers 4 Pounds",
    "href": "/ip/Kirkland-Signature-Organic-Animal-Crackers-4-Pounds/157189143?classType=REGULAR",
    "currentPrice": "current price Now $23.49",
    "pricePerOz": "$33.93",
    "pickup": "Free shipping, arrives in 3+ days",
    "delivery": "N/A",
    "shipping": "N/A"
  },
  {
    "ioId": "60K7MLIVTT3A",
    "linkIdentifier": "5202949519",
    "text": "Nabisco Triscuit Original Whole Grain Wheat Crackers (Pack of 3)",
    "href": "/ip/Triscuit-Original-Whole-Grain-Wheat-Crackers-Pack-of-3/5202949519?classType=REGULAR",
    "currentPrice": "current price $25.08",
    "pricePerOz": "N/A",
    "pickup": "Free shipping, arrives in 3+ days",
    "delivery": "N/A",
    "shipping": "N/A"
  },
  {
    "ioId": "3L4OGJ1MKPK1",
    "linkIdentifier": "14295522857",
    "text": "Kellogg's Club Crackers Original, Light & Flaky Buttery Snack Crackers, Perfect for Topping, 13.7 oz Box Pack of 2",
    "href": "/ip/Kellogg-s-Club-Crackers-Original-Light-Flaky-Buttery-Snack-Crackers-Perfect-for-Topping-13-7-oz-Box-Pack-of-2/14295522857?classType=REGULAR",
    "currentPrice": "current price $21.99",
    "pricePerOz": "N/A",
    "pickup": "Free shipping, arrives in 3+ days",
    "delivery": "N/A",
    "shipping": "N/A"
  },
  {
    "ioId": "15TN5OSIK5JX",
    "linkIdentifier": "422317024",
    "text": "Nut & Rice Cracker Snacks Pepper Jack Cheese Nut Thins (Pack of 3)",
    "href": "/ip/Nut-Rice-Cracker-Snacks-Pepper-Jack-Cheese-Nut-Thins-Pack-of-3/422317024?classType=REGULAR",
    "currentPrice": "current price $23.77",
    "pricePerOz": "N/A",
    "pickup": "Free shipping, arrives in 3+ days",
    "delivery": "N/A",
    "shipping": "N/A"
  },
  {
    "ioId": "3GE2JRPC0IUT",
    "linkIdentifier": "5068988312",
    "text": "Ritz Cheese Sandwich Crackers, 112 - 1.38 Oz Snack Packs (14 Boxes)",
    "href": "/ip/Ritz-Cheese-Sandwich-Crackers-112-1-38-Oz-Snack-Packs-14-Boxes/5068988312?classType=REGULAR",
    "currentPrice": "N/A",
    "pricePerOz": "N/A",
    "pickup": "Free shipping, arrives in 3+ days",
    "delivery": "N/A",
    "shipping": "N/A"
  },
  {
    "ioId": "3T6PYYHSFGJD",
    "linkIdentifier": "363162916",
    "text": "Milton's Organic Multi-Grain Gourmet Crackers, 6 Ounce (Pack of 4)",
    "href": "/ip/Milton-s-Organic-Multi-Grain-Gourmet-Crackers-6-Ounce-Pack-of-4/363162916?classType=REGULAR",
    "currentPrice": "current price Now $16.98",
    "pricePerOz": "$24.45",
    "pickup": "Free shipping, arrives in 3+ days",
    "delivery": "N/A",
    "shipping": "N/A"
  },
  {
    "ioId": "24TB73R4FDTH",
    "linkIdentifier": "5229071924",
    "text": "(3 pack) RITZ Fresh Stacks Whole Wheat Crackers, 11.6 oz (8 Stacks)",
    "href": "/ip/RITZ-Fresh-Stacks-Whole-Wheat-Crackers-8-Count-11-6-oz/5229071924?classType=REGULAR&athbdg=L1300",
    "currentPrice": "current price $10.38",
    "pricePerOz": "29.8 ¢/oz",
    "pickup": "Pickup today",
    "delivery": "Delivery today",
    "shipping": "N/A"
  },
  {
    "ioId": "301W143K2JB9",
    "linkIdentifier": "12609555361",
    "text": "(4 pack) Austin Variety Pack Sandwich Crackers, Single Serve Snack Crackers, 30 Count",
    "href": "/ip/Austin-Variety-Pack-Sandwich-Crackers-Single-Serve-Snack-Crackers-30-Count/12609555361?classType=VARIANT",
    "currentPrice": "current price $36.70",
    "pricePerOz": "22.2 ¢/oz",
    "pickup": "Free shipping, arrives in 3+ days",
    "delivery": "N/A",
    "shipping": "N/A"
  },
  {
    "ioId": "1A7Q3K79LQWS",
    "linkIdentifier": "40575774",
    "text": "Firehook Mediterranean Baked Crackers, Garlic & Thyme, 7 Oz",
    "href": "/ip/Firehook-Mediterranean-Baked-Crackers-Garlic-Thyme-7-Oz/40575774?classType=REGULAR",
    "currentPrice": "current price $18.99",
    "pricePerOz": "$2.71/oz",
    "pickup": "Free shipping, arrives in 3+ days",
    "delivery": "N/A",
    "shipping": "N/A"
  },
  {
    "ioId": "6BISX4KJ2ZM1",
    "linkIdentifier": "951000949",
    "text": "Sonoma Creamery - Cheese Crisps, Cheddar, 10 Oz (2 Count) | Savory Snack | High Protein | Low Carb | Gluten Free | Keto-Friendly",
    "href": "/ip/Sonoma-Creamery-Cheese-Crisps-Cheddar-10-Oz-2-Count-Savory-Snack-High-Protein-Low-Carb-Gluten-Free-Keto-Friendly/951000949?classType=VARIANT",
    "currentPrice": "current price $28.99",
    "pricePerOz": "N/A",
    "pickup": "Free shipping, arrives in 3+ days",
    "delivery": "N/A",
    "shipping": "N/A"
  },
  {
    "ioId": "2VV2WNON9H9E",
    "linkIdentifier": "14580767369",
    "text": "MerlinsMart Zine + Blue Diamond Artisan Nut-Thins Rice Crackers | Gluten Free | 3 Flavor Variety (1) each: Sesame Seeds, Multi-Seeds, Flax Seeds (4.25 Ounces)",
    "href": "/ip/MerlinsMart-Zine-Blue-Diamond-Artisan-Nut-Thins-Rice-Crackers-Gluten-Free-3-Flavor-Variety-1-each-Sesame-Seeds-Multi-Seeds-Flax-Seeds-4-25-Ounces/14580767369?classType=REGULAR",
    "currentPrice": "current price $29.95",
    "pricePerOz": "N/A",
    "pickup": "Shipping, arrives in 2 days",
    "delivery": "N/A",
    "shipping": "N/A"
  },
  {
    "ioId": "54N9BP1RO8LE",
    "linkIdentifier": "512206335",
    "text": "Wasa Flatbread, Whole Grain Crispbread, Light Rye, 9.5 oz Pack of 3",
    "href": "/ip/Wasa-Flatbread-Whole-Grain-Crispbread-Light-Rye-9-5-oz-Pack-of-3/512206335?classType=REGULAR",
    "currentPrice": "current price $23.99",
    "pricePerOz": "N/A",
    "pickup": "Free shipping, arrives in 3+ days",
    "delivery": "N/A",
    "shipping": "N/A"
  },
  {
    "ioId": "0X8M9BDG51TG",
    "linkIdentifier": "5428595548",
    "text": "(3 pack) Simple Mills Veggie Flour Pita Crackers, Himalayan Salt, Gluten-Free Crackers, 4.25 oz",
    "href": "/ip/Simple-Mills-Veggie-Flour-Pita-Crackers-Himalayan-Salt-Gluten-Free-Crackers-4-25-oz/5428595548?classType=REGULAR",
    "currentPrice": "current price $15.54",
    "pricePerOz": "$1.21/oz",
    "pickup": "Pickup today",
    "delivery": "Delivery today",
    "shipping": "Shipping, arrives tomorrow"
  },
  {
    "ioId": "4SLTOU51OH5G",
    "linkIdentifier": "247689574",
    "text": "Firehook Baked Crackers Garlic Thyme Mediterranean Baked Crackers Non GMO, 5.5oz (Pack of 8)",
    "href": "/ip/Firehook-Baked-Crackers-Garlic-Thyme-Mediterranean-Baked-Crackers-Non-GMO-5-5oz-Pack-of-8/247689574?classType=REGULAR",
    "currentPrice": "current price $54.98",
    "pricePerOz": "N/A",
    "pickup": "Free shipping, arrives in 3+ days",
    "delivery": "N/A",
    "shipping": "N/A"
  },
  {
    "ioId": "1JBE6ZD95QBO",
    "linkIdentifier": "11970060580",
    "text": "RITZ Honey Wheat Crackers, 13.7 oz (Pack of 6)",
    "href": "/ip/RITZ-Honey-Wheat-Crackers-13-7-oz-Pack-of-6/11970060580?classType=VARIANT",
    "currentPrice": "current price $45.09",
    "pricePerOz": "+$11.49 shipping",
    "pickup": "Shipping, arrives in 3+ days",
    "delivery": "N/A",
    "shipping": "N/A"
  },
  {
    "ioId": "2NYS6AYGPW4O",
    "linkIdentifier": "378244173",
    "text": "M.y. San Sky Flakes Crackers 21z",
    "href": "/ip/M-y-San-Sky-Flakes-Crackers-21z/378244173?classType=VARIANT",
    "currentPrice": "current price $8.22",
    "pricePerOz": "38.8 ¢/oz",
    "pickup": "Pickup today",
    "delivery": "Delivery today",
    "shipping": "Shipping, arrives tomorrow"
  },
  {
    "ioId": "7LCPJ6HATAX5",
    "linkIdentifier": "5701803053",
    "text": "Pack Of 6 Quaker Rice Crisps Gluten Free Buttermilk Ranch | 0.67 Oz Per Pack | GOLDENROW",
    "href": "/ip/Pack-Of-6-Quaker-Rice-Crisps-Gluten-Free-Buttermilk-Ranch-0-67-Oz-Per-Pack-GOLDENROW/5701803053?classType=VARIANT",
    "currentPrice": "current price $7.49",
    "pricePerOz": "+$4.99 shipping",
    "pickup": "Shipping, arrives in 3+ days",
    "delivery": "N/A",
    "shipping": "N/A"
  },
  {
    "ioId": "2XM6M0L1YR34",
    "linkIdentifier": "14960860448",
    "text": "Keebler Animal Crackers 1 Oz., 30 Packets 50% Whole Grain, No High Fructose Corn | 30 PACK",
    "href": "/ip/Keebler-Animal-Crackers-1-Oz-30-Packets-50-Whole-Grain-No-High-Fructose-Corn-30-PACK/14960860448?classType=REGULAR",
    "currentPrice": "current price $30.99",
    "pricePerOz": "N/A",
    "pickup": "Free shipping, arrives in 3+ days",
    "delivery": "N/A",
    "shipping": "N/A"
  },
  {
    "ioId": "2B6UOLQ588KX",
    "linkIdentifier": "5470061409",
    "text": "Westminster New England Style Saltine Cracker 0.26 oz l 2 Crackers Per Pouch l Pack of 50",
    "href": "/ip/Westminster-New-England-Style-Saltine-Cracker-0-26-oz-l-2-Crackers-Per-Pouch-l-Pack-of-50/5470061409?classType=REGULAR",
    "currentPrice": "current price $14.99",
    "pricePerOz": "N/A",
    "pickup": "Shipping, arrives in 2 days",
    "delivery": "N/A",
    "shipping": "N/A"
  },
  {
    "ioId": "1AA8VGFF6JA7",
    "linkIdentifier": "105806121",
    "text": "Stauffer's Whales Cheddar Cheese Baked Cheese Crackers , 7 oz",
    "href": "/ip/Stauffer-s-Whales-Cheddar-Cheese-Baked-Cheese-Crackers-7-oz/105806121?classType=REGULAR",
    "currentPrice": "current price $9.40",
    "pricePerOz": "N/A",
    "pickup": "Free shipping, arrives in 3+ days",
    "delivery": "N/A",
    "shipping": "N/A"
  },
  {
    "ioId": "3MYC7B1OKKMW",
    "linkIdentifier": "11150103101",
    "text": "(Pack of 8) Firehook Organic Multigrain Flax Crackers, 5.5 oz",
    "href": "/ip/Pack-of-8-Firehook-Organic-Multigrain-Flax-Crackers-5-5-oz/11150103101?classType=REGULAR",
    "currentPrice": "current price $36.62",
    "pricePerOz": "+$13.86 shipping",
    "pickup": "Shipping, arrives in 3+ days",
    "delivery": "N/A",
    "shipping": "N/A"
  },
  {
    "ioId": "4L0RHVTS0JO7",
    "linkIdentifier": "557583517",
    "text": "Pepperidge Farms Goldfish Cinnamon Whole Grain Giant Grahams, 0.9 oz - Case of 300",
    "href": "/ip/Pepperidge-Farms-Goldfish-Cinnamon-Whole-Grain-Giant-Grahams-0-9-oz-Case-of-300/557583517?classType=REGULAR",
    "currentPrice": "current price $103.49",
    "pricePerOz": "N/A",
    "pickup": "Free shipping, arrives in 3+ days",
    "delivery": "N/A",
    "shipping": "N/A"
  },
  {
    "ioId": "52E9YJZXI3NT",
    "linkIdentifier": "106055395",
    "text": "Triscuit Rosemary & Olive Oil Whole Grain Wheat Crackers, Family Size, 12.5 oz",
    "href": "/ip/Triscuit-Rosemary-Olive-Oil-Whole-Grain-Wheat-Crackers-Family-Size-12-5-oz/106055395?classType=VARIANT",
    "currentPrice": "current price $4.98",
    "pricePerOz": "39.8 ¢/oz",
    "pickup": "Pickup today",
    "delivery": "Delivery today",
    "shipping": "N/A"
  },
  {
    "ioId": "1SD3B6V62CZL",
    "linkIdentifier": "119076795",
    "text": "Triscuit Reduced Fat Crackers",
    "href": "/ip/Triscuit-Reduced-Fat-Crackers/119076795?classType=VARIANT",
    "currentPrice": "current price $11.79",
    "pricePerOz": "$1.57/oz",
    "pickup": "Shipping, arrives in 2 days",
    "delivery": "N/A",
    "shipping": "N/A"
  },
  {
    "ioId": "49RM11KIB9UC",
    "linkIdentifier": "5455100002",
    "text": "DiGiorno Pepperoni Pizza and Cheese Garlic Flavored Breadsticks Frozen Food, 31.2 oz",
    "href": "/ip/DiGiorno-Family-Pack-Pepperoni-Breadsticks/5455100002?classType=REGULAR",
    "currentPrice": "current price $9.92",
    "pricePerOz": "27.3 ¢/oz",
    "pickup": "Pickup today",
    "delivery": "Delivery today",
    "shipping": "N/A"
  },
  {
    "ioId": "4PRFIBGUGUNQ",
    "linkIdentifier": "14343512360",
    "text": "Town House Pita Sea Salt Oven Baked Crackers, Lunch Snacks,1PACK",
    "href": "/ip/Town-House-Pita-Sea-Salt-Oven-Baked-Crackers-Lunch-Snacks-1PACK/14343512360?classType=REGULAR",
    "currentPrice": "N/A",
    "pricePerOz": "N/A",
    "pickup": "Free shipping, arrives in 3+ days",
    "delivery": "N/A",
    "shipping": "N/A"
  },
  {
    "ioId": "5GCL3M1JJV7C",
    "linkIdentifier": "5591645299",
    "text": "1 Pack of Trader Joes Sweet & Salty Umami Crunchies Rice Crackers | 6.35 Oz a Pack",
    "href": "/ip/1-Pack-of-Trader-Joe-s-Sweet-Salty-Umami-Crunchies-Rice-Crackers-6-35-Oz-a-Pack/5591645299?classType=VARIANT",
    "currentPrice": "current price $6.82",
    "pricePerOz": "+$7.49 shipping",
    "pickup": "Shipping, arrives in 3+ days",
    "delivery": "N/A",
    "shipping": "N/A"
  },
  {
    "ioId": "149ALMSZYZS9",
    "linkIdentifier": "827816397",
    "text": "Goldfish Disney Mickey Mouse Cheddar Crackers, Snack Crackers, 30 oz Carton",
    "href": "/ip/Goldfish-Disney-Mickey-Mouse-Cheddar-Crackers-Snack-Crackers-30-oz-Carton/827816397?classType=REGULAR",
    "currentPrice": "current price $13.10",
    "pricePerOz": "43.7 ¢/oz",
    "pickup": "Free shipping, arrives in 3+ days",
    "delivery": "N/A",
    "shipping": "N/A"
  },
  {
    "ioId": "4GSZM9EZYE0T",
    "linkIdentifier": "6138904388",
    "text": "Kellogg'S Club Crackers Snack Stacks 2.08 Oz., 24 Pk.",
    "href": "/ip/Kellogg-S-Club-Crackers-Snack-Stacks-2-08-Oz-24-Pk/6138904388?classType=REGULAR",
    "currentPrice": "current price Now $17.99",
    "pricePerOz": "$23.88",
    "pickup": "Free shipping, arrives in 3+ days",
    "delivery": "N/A",
    "shipping": "N/A"
  },
  {
    "ioId": "1FCHS0HJMMX6",
    "linkIdentifier": "197558556",
    "text": "Carmela Chicken Sausage Snack Bites, 80 Calories Pack. 2.78 oz Pouch",
    "href": "/ip/Carmela-Snack-Bites-2-78-oz-Pouch/197558556?classType=REGULAR",
    "currentPrice": "current price $7.92",
    "pricePerOz": "$46.59/lb",
    "pickup": "Free shipping, arrives in 3+ days",
    "delivery": "N/A",
    "shipping": "N/A"
  },
  {
    "ioId": "5WO2QFSIWGIS",
    "linkIdentifier": "497201885",
    "text": "Stacy's Pita Thins Snack Chips, 3 Flavor Variety Pack, 1 oz Bags, 24 Count Multipack",
    "href": "/ip/Stacy-s-Pita-Thins-Snack-Chips-3-Flavor-Variety-Pack-1-oz-Bags-24-Count-Multipack/497201885?classType=REGULAR",
    "currentPrice": "N/A",
    "pricePerOz": "N/A",
    "pickup": "Free shipping, arrives in 3+ days",
    "delivery": "N/A",
    "shipping": "N/A"
  },
  {
    "ioId": "33P140K7QZVK",
    "linkIdentifier": "12866064342",
    "text": "Ritz Peanut Butter Sandwich Crackers Snack Packs",
    "href": "/ip/Ritz-Peanut-Butter-Sandwich-Crackers-Snack-Packs/12866064342?classType=REGULAR",
    "currentPrice": "current price Now $12.02",
    "pricePerOz": "$13.50",
    "pickup": "Shipping, arrives in 3+ days",
    "delivery": "N/A",
    "shipping": "N/A"
  },
  {
    "ioId": "4ZEUS0DG556P",
    "linkIdentifier": "6412822134",
    "text": "Pack of 2 Teddy Grahams Cinnamon Graham Snacks, 10 oz",
    "href": "/ip/Pack-of-2-Teddy-Grahams-Cinnamon-Graham-Snacks-10-oz/6412822134?classType=REGULAR",
    "currentPrice": "current price $25.99",
    "pricePerOz": "N/A",
    "pickup": "Free shipping, arrives in 3+ days",
    "delivery": "N/A",
    "shipping": "N/A"
  },
  {
    "ioId": "2NOZT630QPEH",
    "linkIdentifier": "1500043639",
    "text": "Chicken in a Biskit Original Baked Snack Crackers, 6 - 7.5 oz Boxes",
    "href": "/ip/Chicken-In-A-Biskit-Original-Baked-Snack-Crackers-6-7-5-Oz-Boxes/1500043639?classType=REGULAR",
    "currentPrice": "current price Now $24.89",
    "pricePerOz": "$27.91",
    "pickup": "Shipping, arrives in 3+ days",
    "delivery": "N/A",
    "shipping": "N/A"
  },
  {
    "ioId": "6EXUCPZMS7AA",
    "linkIdentifier": "8649521459",
    "text": "2X - Ritz Hint Of Salt Crackers, 13.7 Oz",
    "href": "/ip/2X-Ritz-Hint-Of-Salt-Crackers-13-7-oz/8649521459?classType=REGULAR",
    "currentPrice": "current price Now $3.99",
    "pricePerOz": "$6.81",
    "pickup": "Shipping, arrives in 3+ days",
    "delivery": "N/A",
    "shipping": "N/A"
  },
  {
    "ioId": "6Y3FP3B39V6X",
    "linkIdentifier": "5489229081",
    "text": "Ritz Cracker Sandwiches Made with Real Peanut Butter: 16 Packs of 1.38 Oz",
    "href": "/ip/Ritz-Cracker-Sandwiches-Made-with-Real-Peanut-Butter-16-Packs-of-1-38-Oz/5489229081?classType=REGULAR",
    "currentPrice": "current price Now $21.92",
    "pricePerOz": "$29.84",
    "pickup": "Shipping, arrives in 3+ days",
    "delivery": "N/A",
    "shipping": "N/A"
  },
  {
    "ioId": "7BHXAN1N3BQ8",
    "linkIdentifier": "15071805415",
    "text": "Sweet & Salty Snack Variety Pack, Muddy Buddies Peanut Butter & Chocolate, Chex Mix Traditional, Cheddar & Honey Nut, 35 oz (20 Bags)",
    "href": "/ip/Sweet-Salty-Snack-Variety-Pack-Muddy-Buddies-Peanut-Butter-Chocolate-Chex-Mix-Traditional-Cheddar-Honey-Nut-35-oz-20-Bags/15071805415?classType=REGULAR",
    "currentPrice": "current price Now $15.79",
    "pricePerOz": "$19.97",
    "pickup": "Shipping, arrives in 3+ days",
    "delivery": "N/A",
    "shipping": "N/A"
  },
  {
    "ioId": "14ZY6Z9BSPVL",
    "linkIdentifier": "10447974",
    "text": "Toasteds Classic Buttercrisp Crackers, Party Snacks, 8 oz",
    "href": "/ip/Keebler-Toasteds-Buttercrisp-Crackers-8-oz/10447974?classType=REGULAR",
    "currentPrice": "current price Now $4.70",
    "pricePerOz": "$5.99",
    "pickup": "Shipping, arrives in 3+ days",
    "delivery": "N/A",
    "shipping": "N/A"
  },
  {
    "ioId": "3VU2H274SF2X",
    "linkIdentifier": "33665157",
    "text": "Breton Herb and Garlic Gluten Free Crackers, 4.76 oz, (Pack of 6)",
    "href": "/ip/Breton-Herb-and-Garlic-Gluten-Free-Crackers-4-76-oz-Pack-of-6/33665157?classType=REGULAR",
    "currentPrice": "current price $30.93",
    "pricePerOz": "$6.44/oz",
    "pickup": "Shipping, arrives in 3+ days",
    "delivery": "N/A",
    "shipping": "N/A"
  },
  {
    "ioId": "6Z3Z4BVR8SIV",
    "linkIdentifier": "1445516172",
    "text": "Quaker Rice Crisps, Buttermilk Ranch and Cheddar 6.06oz, Flavor Variety Pack",
    "href": "/ip/Quaker-Rice-Crisps-Buttermilk-Ranch-and-Cheddar-6-06oz-Flavor-Variety-Pack/1445516172?classType=REGULAR",
    "currentPrice": "current price Now $9.98",
    "pricePerOz": "$20.99",
    "pickup": "Shipping, arrives in 3+ days",
    "delivery": "N/A",
    "shipping": "N/A"
  },
  {
    "ioId": "5N5H2RJ0Q1T4",
    "linkIdentifier": "3830207707",
    "text": "Goldfish Colors Cheddar Cheese Crackers, 27.3 oz Carton",
    "href": "/ip/Goldfish-Colors-Cheddar-Cheese-Crackers-27-3-oz-Carton/3830207707?classType=REGULAR&athbdg=L1600",
    "currentPrice": "current price Now $7.97",
    "pricePerOz": "$8.98",
    "pickup": "Pickup today",
    "delivery": "Delivery today",
    "shipping": "Shipping, arrives tomorrow"
  },
  {
    "ioId": "0YS8UYZSY40K",
    "linkIdentifier": "785203154",
    "text": "ParmCrisps Gluten-Free Original Oven-Baked Parm Crisp Cheese Crackers, Family Size, 5 oz",
    "href": "/ip/ParmCrisps-Gluten-Free-Original-Oven-Baked-Parm-Crisp-Cheese-Crackers-Family-Size-5-oz/785203154?classType=REGULAR",
    "currentPrice": "current price $6.98",
    "pricePerOz": "$1.40/oz",
    "pickup": "Pickup today",
    "delivery": "Delivery today",
    "shipping": "N/A"
  },
  {
    "ioId": "20K2FET7Y7CH",
    "linkIdentifier": "5225062563",
    "text": "(3 pack) Triscuit Rosemary & Olive Oil Whole Grain Wheat Crackers, Family Size, 12.5 oz",
    "href": "/ip/Triscuit-Rosemary-Olive-Oil-Whole-Grain-Wheat-Crackers-Family-Size-12-5-oz/5225062563?classType=REGULAR",
    "currentPrice": "current price $14.94",
    "pricePerOz": "39.8 ¢/oz",
    "pickup": "Pickup today",
    "delivery": "Delivery today",
    "shipping": "Shipping, arrives tomorrow"
  },
  {
    "ioId": "13DQY334F9ZC",
    "linkIdentifier": "731487653",
    "text": "Kellogg's Variety Pack Snacks, Lunch Snacks, 30 Count",
    "href": "/ip/Kellogg-s-Variety-Pack-Snacks-Lunch-Snacks-30-Count/731487653?classType=VARIANT",
    "currentPrice": "current price $12.86",
    "pricePerOz": "42.7 ¢/oz",
    "pickup": "Pickup today",
    "delivery": "Delivery today",
    "shipping": "Shipping, arrives tomorrow"
  },
  {
    "ioId": "697ZAMLMB4LK",
    "linkIdentifier": "35176554",
    "text": "RITZ Honey Wheat Crackers, 13.7 oz",
    "href": "/ip/RITZ-Honey-Wheat-Crackers-13-7-oz/35176554?classType=VARIANT",
    "currentPrice": "current price Now $5.06",
    "pricePerOz": "$10.29",
    "pickup": "Shipping, arrives in 3+ days",
    "delivery": "N/A",
    "shipping": "N/A"
  },
  {
    "ioId": "4JSEYAGRGGMU",
    "linkIdentifier": "37737165",
    "text": "Wasa Swedish Style Whole Grain Crispbread 9.2 oz",
    "href": "/ip/Wasa-Crispbread-Whole-Grain-9-2-Oz/37737165?classType=VARIANT",
    "currentPrice": "N/A",
    "pricePerOz": "N/A",
    "pickup": "Free shipping, arrives in 2 days",
    "delivery": "N/A",
    "shipping": "N/A"
  },
  {
    "ioId": "6CP2VJ95RLWL",
    "linkIdentifier": "14025157850",
    "text": "Wheat Thins Hint Of Salt Whole Grain Low Sodium Crackers, 8.5 Oz, 1Count",
    "href": "/ip/Wheat-Thins-Hint-of-Salt-Low-Sodium-Whole-Grain-Wheat-Crackers-8-5-oz/14025157850?classType=REGULAR",
    "currentPrice": "current price $4.99",
    "pricePerOz": "+$9.49 shipping",
    "pickup": "Shipping, arrives in 3+ days",
    "delivery": "N/A",
    "shipping": "N/A"
  },
  {
    "ioId": "35K4GQOKPI1V",
    "linkIdentifier": "12907110391",
    "text": "Nabisco Barnum's Animals Crackers (Pack of 2)",
    "href": "/ip/Nabisco-Barnum-s-Animal-Crackers-Pack-of-2/12907110391?classType=VARIANT",
    "currentPrice": "current price $13.82",
    "pricePerOz": "N/A",
    "pickup": "Free shipping, arrives in 3+ days",
    "delivery": "N/A",
    "shipping": "N/A"
  },
  {
    "ioId": "6BLPFWJ4ZJS5",
    "linkIdentifier": "42440903",
    "text": "Back to Nature Organic Stoneground Wheat Crackers, 6 Oz.",
    "href": "/ip/Back-to-Nature-Organic-Stoneground-Wheat-Crackers-6-oz/42440903?classType=REGULAR",
    "currentPrice": "current price $6.80",
    "pricePerOz": "$1.13/oz",
    "pickup": "Free shipping, arrives in 3+ days",
    "delivery": "N/A",
    "shipping": "N/A"
  },
  {
    "ioId": "4BSQWYGTS00W",
    "linkIdentifier": "629814509",
    "text": "Wasa Gluten Free Sesame and Sea Salt Crispbread, 6.1 Ounce -- 10 per Case.",
    "href": "/ip/Wasa-Gluten-Free-Sesame-and-Sea-Salt-Crispbread-6-1-Ounce-10-per-Case/629814509?classType=REGULAR",
    "currentPrice": "current price $63.19",
    "pricePerOz": "N/A",
    "pickup": "Free shipping, arrives in 3+ days",
    "delivery": "N/A",
    "shipping": "N/A"
  },
  {
    "ioId": "0VFB1DKPM6W5",
    "linkIdentifier": "5038798140",
    "text": "Cheez-It Extra Cheesy Cheese Crackers, Baked Snack Crackers, 21 oz",
    "href": "/ip/Cheez-It-Extra-Cheesy-Cheese-Crackers-Baked-Snack-Crackers-21-oz/5038798140?classType=VARIANT",
    "currentPrice": "current price $5.78",
    "pricePerOz": "27.5 ¢/oz",
    "pickup": "Pickup today",
    "delivery": "Delivery today",
    "shipping": "Shipping, arrives tomorrow"
  },
  {
    "ioId": "3T7A2Z6LJEWY",
    "linkIdentifier": "316225476",
    "text": "Branded Crunchmaster Rice Crackers (3.5 oz., 6 ct.) Pack of 1",
    "href": "/ip/Branded-Crunchmaster-Rice-Crackers-3-5-oz-6-ct-Pack-of-1/316225476?classType=REGULAR",
    "currentPrice": "current price $21.99",
    "pricePerOz": "N/A",
    "pickup": "Free shipping, arrives in 3+ days",
    "delivery": "N/A",
    "shipping": "N/A"
  },
  {
    "ioId": "1BLAN1B6LQUV",
    "linkIdentifier": "36326862",
    "text": "Absolutely Gluten Free Flatbread Everything, 5.29 Oz",
    "href": "/ip/Absolutely-Gluten-Free-Flatbread-Everything-5-29-Oz/36326862?classType=REGULAR",
    "currentPrice": "current price $11.99",
    "pricePerOz": "$2.27/oz",
    "pickup": "Shipping, arrives in 2 days",
    "delivery": "N/A",
    "shipping": "N/A"
  },
  {
    "ioId": "5O35ZP3BF30M",
    "linkIdentifier": "10321422",
    "text": "Carr's Cracked Pepper Table Water Crackers, Baked Snack Crackers, 4.5 oz",
    "href": "/ip/Carr-s-Cracked-Pepper-Table-Water-Crackers-Baked-Snack-Crackers-4-5-oz/10321422?classType=REGULAR",
    "currentPrice": "current price $10.79",
    "pricePerOz": "$2.51/oz",
    "pickup": "Shipping, arrives in 2 days",
    "delivery": "N/A",
    "shipping": "N/A"
  },
  {
    "ioId": "47HJLGD8TZ2O",
    "linkIdentifier": "36300615",
    "text": "Mary's Gone Crackers Organic Super Seed Crackers - Classic 5.5 oz Box",
    "href": "/ip/Mary-s-Gone-Crackers-Super-Seed-Classic-Crackers-5-5-Oz/36300615?classType=VARIANT",
    "currentPrice": "N/A",
    "pricePerOz": "N/A",
    "pickup": "Free shipping, arrives in 3+ days",
    "delivery": "N/A",
    "shipping": "N/A"
  },
  {
    "ioId": "33SOKBCFV7XB",
    "linkIdentifier": "5232510379",
    "text": "(3 pack) RITZ Bits Peanut Butter Sandwich Crackers, 8.8 oz",
    "href": "/ip/RITZ-Bits-Peanut-Butter-Sandwich-Crackers-8-8-oz/5232510379?classType=REGULAR&athbdg=L1300",
    "currentPrice": "current price $10.38",
    "pricePerOz": "39.3 ¢/oz",
    "pickup": "Pickup today",
    "delivery": "Delivery today",
    "shipping": "Shipping, arrives tomorrow"
  },
  {
    "ioId": "18P366AWASQ9",
    "linkIdentifier": "121719822",
    "text": "Saffron Road Crunchy Chickpeas Sea Salt, 6 Oz",
    "href": "/ip/Saffron-Road-Crunchy-Chickpeas-Sea-Salt-6-Oz/121719822?classType=REGULAR",
    "currentPrice": "current price Now $7.39",
    "pricePerOz": "$9.99",
    "pickup": "Shipping, arrives in 3+ days",
    "delivery": "N/A",
    "shipping": "N/A"
  },
  {
    "ioId": "56X6004ZVE9J",
    "linkIdentifier": "8961505583",
    "text": "Handi-Snacks Ritz Crackers 'N Cheesy Dip Snack Packs",
    "href": "/ip/Handi-Snacks-RITZ-Crackers-N-Cheesy-Dip-Snack-Packs-20-Snack-Packs-HB4/8961505583?classType=REGULAR",
    "currentPrice": "current price $18.70",
    "pricePerOz": "N/A",
    "pickup": "Free shipping, arrives in 3+ days",
    "delivery": "N/A",
    "shipping": "N/A"
  },
  {
    "ioId": "35NTOQZQNW8K",
    "linkIdentifier": "1988481225",
    "text": "Stauffer's Original Animal Crackers 32 oz Bag, Low Fat, Rich and Crunchy Taste Snacks, Kid Friendly Fun Shapes Biscuit Pack of Two",
    "href": "/ip/Stauffer-s-Original-Animal-Crackers-32-oz-Bag-Low-Fat-Rich-and-Crunchy-Taste-Snacks-Kid-Friendly-Fun-Shapes-Biscuit-Pack-of-Two/1988481225?classType=REGULAR",
    "currentPrice": "current price $17.99",
    "pricePerOz": "N/A",
    "pickup": "Free shipping, arrives in 3+ days",
    "delivery": "N/A",
    "shipping": "N/A"
  },
  {
    "ioId": "3OU4I45IWLVS",
    "linkIdentifier": "10422437",
    "text": "Sesmark Foods Savory Rice Thins Original, 3.2 Oz",
    "href": "/ip/Sesmark-Foods-Savory-Rice-Thins-Original-3-2-Oz/10422437?classType=REGULAR",
    "currentPrice": "current price $9.49",
    "pricePerOz": "$2.97/oz",
    "pickup": "Shipping, arrives in 2 days",
    "delivery": "N/A",
    "shipping": "N/A"
  },
  {
    "ioId": "4CEW4F162JRR",
    "linkIdentifier": "499117532",
    "text": "Wheat Thins 100% Whole Grain Veggie Wheat Thin Toasted Chips | 1.75 Ounce | Value Pack of 30",
    "href": "/ip/Tribeca-Curations-100-Whole-Grain-Veggie-Wheat-Thin-Toasted-Chips-1-75-Ounce-Value-Pack-of-30/499117532?classType=VARIANT",
    "currentPrice": "current price $34.84",
    "pricePerOz": "N/A",
    "pickup": "Free shipping, arrives in 3+ days",
    "delivery": "N/A",
    "shipping": "N/A"
  },
  {
    "ioId": "68LIM8121AUA",
    "linkIdentifier": "162339717",
    "text": "Goldfish Cheddar Crackers, 22 oz. Bags, 3-Count Box",
    "href": "/ip/Goldfish-Cheddar-Crackers-22-oz-Bags-3-Count-Box/162339717?classType=REGULAR",
    "currentPrice": "current price $25.00",
    "pricePerOz": "37.9 ¢/oz",
    "pickup": "Shipping, arrives in 2 days",
    "delivery": "N/A",
    "shipping": "N/A"
  },
  {
    "ioId": "6NGUWD7TZAJP",
    "linkIdentifier": "113758583",
    "text": "Nabisco Animal Crackers, Snak Sak, 8 oz - Case of 12",
    "href": "/ip/Nabisco-Animal-Crackers-Snak-Sak-8-oz-Case-of-12/113758583?classType=REGULAR",
    "currentPrice": "current price $65.19",
    "pricePerOz": "N/A",
    "pickup": "Free shipping, arrives in 3+ days",
    "delivery": "N/A",
    "shipping": "N/A"
  },
  {
    "ioId": "2XOSVFL1BVUG",
    "linkIdentifier": "853401326",
    "text": "Crunch Master Crackers, Artisan Cheesy Garlic Bread, 4 oz",
    "href": "/ip/Crunch-Master-Crackers-Artisan-Cheesy-Garlic-Bread-4-oz/853401326?classType=REGULAR",
    "currentPrice": "current price $12.99",
    "pricePerOz": "$3.25/oz",
    "pickup": "Free shipping, arrives in 3+ days",
    "delivery": "N/A",
    "shipping": "N/A"
  },
  {
    "ioId": "6D4ZMXLZMJ2E",
    "linkIdentifier": "35001061",
    "text": "Keebler Club and Cheddar Sandwich Crackers, Single Serve Snack Crackers, 12 Count",
    "href": "/ip/Keebler-Club-and-Cheddar-Sandwich-Crackers-Single-Serve-Snack-Crackers-12-Count/35001061?classType=REGULAR",
    "currentPrice": "current price $14.41",
    "pricePerOz": "66.7 ¢/oz",
    "pickup": "Free shipping, arrives in 3+ days",
    "delivery": "N/A",
    "shipping": "N/A"
  },
  {
    "ioId": "28Y1BNMHIGZY",
    "linkIdentifier": "5230202080",
    "text": "(3 pack) Wheat Thins Hint of Salt Low Sodium Whole Grain Wheat Crackers, 8.5 oz",
    "href": "/ip/Wheat-Thins-Hint-of-Salt-Low-Sodium-Whole-Grain-Wheat-Crackers-8-5-oz/5230202080?classType=REGULAR",
    "currentPrice": "current price $11.34",
    "pricePerOz": "44.5 ¢/oz",
    "pickup": "Pickup today",
    "delivery": "Delivery today",
    "shipping": "Shipping, arrives tomorrow"
  },
  {
    "ioId": "4PREYZLNIMNB",
    "linkIdentifier": "10292793",
    "text": "Handi-Snacks RITZ Crackers 'N Cheesy Dip Snack Packs, 6 Snack Packs",
    "href": "/ip/Kraft-Handi-Snacks-Ritz-Crackers-N-Cheez-Snack-Packs-6ct/10292793?classType=REGULAR",
    "currentPrice": "current price $10.83",
    "pricePerOz": "$1.90/oz",
    "pickup": "Free shipping, arrives in 3+ days",
    "delivery": "N/A",
    "shipping": "N/A"
  },
  {
    "ioId": "76AZV489L6YT",
    "linkIdentifier": "46462976",
    "text": "Goya Premium Soda Crackers, 8 Oz",
    "href": "/ip/Goya-Soda-Crackers-8-oz/46462976?classType=VARIANT",
    "currentPrice": "current price $10.49",
    "pricePerOz": "$1.31/oz",
    "pickup": "Free shipping, arrives in 3+ days",
    "delivery": "N/A",
    "shipping": "N/A"
  },
  {
    "ioId": "4B6U1NOMMC4N",
    "linkIdentifier": "800837166",
    "text": "Triscuit Minis Original Whole Grain Wheat Crackers, Vegan Crackers, 8 oz",
    "href": "/ip/Triscuit-Minis-Original-Whole-Grain-Wheat-Crackers-Vegan-Crackers-8-oz/800837166?classType=VARIANT",
    "currentPrice": "current price $4.80",
    "pricePerOz": "60.0 ¢/oz",
    "pickup": "Shipping, arrives in 3+ days",
    "delivery": "N/A",
    "shipping": "N/A"
  },
  {
    "ioId": "0T333MLHLKF5",
    "linkIdentifier": "10318960",
    "text": "Star Bakery Kika Crackers, 12 oz",
    "href": "/ip/Star-Bakery-Kika-Crackers-12-oz/10318960?classType=VARIANT",
    "currentPrice": "current price $10.99",
    "pricePerOz": "91.6 ¢/oz",
    "pickup": "Free shipping, arrives in 3+ days",
    "delivery": "N/A",
    "shipping": "N/A"
  },
  {
    "ioId": "798FU05SQJS9",
    "linkIdentifier": "838765052",
    "text": "Crunchmaster Multi-Seed Crackers, Roasted Garlic, 4 oz. Pack of 6 bags | Made with sesame, quinoa, flax, and amaranth | these low fat baked crackers contain 18 grams of whole grain",
    "href": "/ip/Crunchmaster-Multi-Seed-Crackers-Roasted-Garlic-4-oz-Pack-6-bags-Made-sesame-quinoa-flax-amaranth-low-fat-baked-crackers-contain-18-grams-whole-grain/838765052?classType=REGULAR",
    "currentPrice": "current price $36.99",
    "pricePerOz": "N/A",
    "pickup": "Free shipping, arrives in 3+ days",
    "delivery": "N/A",
    "shipping": "N/A"
  },
  {
    "ioId": "78KQ12WVTUF6",
    "linkIdentifier": "412898416",
    "text": "Baked Snack Crackers",
    "href": "/ip/Baked-Snack-Crackers/412898416?classType=REGULAR",
    "currentPrice": "current price $69.96",
    "pricePerOz": "N/A",
    "pickup": "Free shipping, arrives in 3+ days",
    "delivery": "N/A",
    "shipping": "N/A"
  },
  {
    "ioId": "25ZMD07BK90G",
    "linkIdentifier": "985948248",
    "text": "Yehuda Gluten Free Matzo Squares, 10.5oz 2 Pack Product of Israel Kosher for Passover",
    "href": "/ip/Yehuda-Gluten-Free-Matzo-Squares-10-5oz-2-Pack-Product-of-Israel-Kosher-for-Passover/985948248?classType=REGULAR",
    "currentPrice": "current price $17.49",
    "pricePerOz": "N/A",
    "pickup": "Shipping, arrives tomorrow",
    "delivery": "N/A",
    "shipping": "N/A"
  },
  {
    "ioId": "41LXNI4D8UXK",
    "linkIdentifier": "8749721722",
    "text": "Ritz Garlic Butter Crackers, 13.7 Oz",
    "href": "/ip/Ritz-Garlic-Butter-Crackers-13-7-Oz/8749721722?classType=REGULAR",
    "currentPrice": "current price Now $4.50",
    "pricePerOz": "$15.89",
    "pickup": "Shipping, arrives in 3+ days",
    "delivery": "N/A",
    "shipping": "N/A"
  },
  {
    "ioId": "42R77KFBNT6U",
    "linkIdentifier": "587779341",
    "text": "RW Garcia Gluten Free Sweet Potato Crackers 30 oz (220-02002)",
    "href": "/ip/RW-Garcia-Gluten-Free-Sweet-Potato-Crackers-30-oz-220-02002/587779341?classType=REGULAR",
    "currentPrice": "current price Now $18.65",
    "pricePerOz": "$20.87",
    "pickup": "Free shipping, arrives in 3+ days",
    "delivery": "N/A",
    "shipping": "N/A"
  },
  {
    "ioId": "67ELRIOVZKW1",
    "linkIdentifier": "33326267",
    "text": "Sesmark Foods Rice Thins Sesame, 4.25 Oz",
    "href": "/ip/Sesmark-Foods-Rice-Thins-Sesame-4-25-Oz/33326267?classType=REGULAR",
    "currentPrice": "N/A",
    "pricePerOz": "N/A",
    "pickup": "Free shipping, arrives in 3+ days",
    "delivery": "N/A",
    "shipping": "N/A"
  },
  {
    "ioId": "3IED10WIGBD2",
    "linkIdentifier": "37740459",
    "text": "Paskez 7 Oz Melba Tst Whole Wheat",
    "href": "/ip/Paskez-7-Oz-Melba-Tst-Whole-Wheat/37740459?classType=REGULAR",
    "currentPrice": "current price $10.10",
    "pricePerOz": "$1.44/oz",
    "pickup": "Shipping, arrives tomorrow",
    "delivery": "N/A",
    "shipping": "N/A"
  },
  {
    "ioId": "2W4ABVLCBMUB",
    "linkIdentifier": "8881815302",
    "text": "2X - Ritz Toasted Chips Sweet Habanero Crackers",
    "href": "/ip/2X-Ritz-Toasted-Chips-Sweet-Habanero-Crackers-8-1-Oz/8881815302?classType=REGULAR",
    "currentPrice": "current price $14.95",
    "pricePerOz": "+$4.99 shipping",
    "pickup": "Shipping, arrives in 3+ days",
    "delivery": "N/A",
    "shipping": "N/A"
  },
  {
    "ioId": "3ZX4ITN2K637",
    "linkIdentifier": "543008247",
    "text": "Want-Want Shelly Senbei, Rice Crackers, 10 Bags",
    "href": "/ip/Want-Want-Shelly-Senbei-Rice-Crackers-10-Bags/543008247?classType=REGULAR",
    "currentPrice": "current price $20.49",
    "pricePerOz": "N/A",
    "pickup": "Free shipping, arrives in 3+ days",
    "delivery": "N/A",
    "shipping": "N/A"
  },
  {
    "ioId": "2DDISVVRZ6AP",
    "linkIdentifier": "306679677",
    "text": "Good Thins Three Cheese Rice & Cheese Snacks Gluten Free Crackers, 3.5 oz",
    "href": "/ip/Good-Thins-Three-Cheese-Rice-Cheese-Snacks-Gluten-Free-Crackers-3-5-oz/306679677?classType=VARIANT",
    "currentPrice": "current price $12.25",
    "pricePerOz": "$3.50/oz",
    "pickup": "Free shipping, arrives in 3+ days",
    "delivery": "N/A",
    "shipping": "N/A"
  },
  {
    "ioId": "1EFCM7715EU1",
    "linkIdentifier": "1100460459",
    "text": "Stauffer's Original Animal Crackers, 3-Pack 16 oz. Bags",
    "href": "/ip/Stauffer-s-Original-Animal-Crackers-3-Pack-16-oz-Bags/1100460459?classType=VARIANT",
    "currentPrice": "current price $32.55",
    "pricePerOz": "N/A",
    "pickup": "Free shipping, arrives in 3+ days",
    "delivery": "N/A",
    "shipping": "N/A"
  },
  {
    "ioId": "6VL5A4MCKO8Y",
    "linkIdentifier": "5689404397",
    "text": "Nabisco Premium Whole Grain Saltine Crackers 17 oz",
    "href": "/ip/Nabisco-Premium-Whole-Grain-Saltine-Crackers-17-oz/5689404397?classType=REGULAR",
    "currentPrice": "current price $7.97",
    "pricePerOz": "+$7.98 shipping",
    "pickup": "Shipping, arrives in 3+ days",
    "delivery": "N/A",
    "shipping": "N/A"
  },
  {
    "ioId": "498QON6XP2M9",
    "linkIdentifier": "6407454568",
    "text": "Pack of 2 Town House Original Oven Baked Crackers, Party Snacks, 13.8 oz",
    "href": "/ip/Pack-of-2-Town-House-Original-Oven-Baked-Crackers-Party-Snacks-13-8-oz/6407454568?classType=REGULAR",
    "currentPrice": "current price $8.20",
    "pricePerOz": "+$8.98 shipping",
    "pickup": "Shipping, arrives in 3+ days",
    "delivery": "N/A",
    "shipping": "N/A"
  },
  {
    "ioId": "2HCED7HOG87V",
    "linkIdentifier": "10292705",
    "text": "Honey Maid Low Fat Honey Graham Crackers, 14.4 oz",
    "href": "/ip/NABISCO-HONEY-MAID-LF-GRAHAM-CRACKERS/10292705?classType=REGULAR",
    "currentPrice": "current price $4.68",
    "pricePerOz": "32.5 ¢/oz",
    "pickup": "Pickup today",
    "delivery": "Delivery today",
    "shipping": "Shipping, arrives tomorrow"
  },
  {
    "ioId": "6WPRT29N49QA",
    "linkIdentifier": "5051918266",
    "text": "Triscuit Thin Crisps Applewood Barbecue Whole Grain Wheat Crackers, 7.1 oz",
    "href": "/ip/Triscuit-Thin-Crisps-Applewood-Barbecue-Whole-Grain-Wheat-Crackers-7-1-oz/5051918266?classType=VARIANT",
    "currentPrice": "current price $3.78",
    "pricePerOz": "53.2 ¢/oz",
    "pickup": "Shipping, arrives tomorrow",
    "delivery": "N/A",
    "shipping": "N/A"
  },
  {
    "ioId": "1I8OCIZXPE8Q",
    "linkIdentifier": "686797883",
    "text": "Trader Joes Multiseed with Soy Sauce Rice Crackers - Pack of 2",
    "href": "/ip/Trader-Joes-Multiseed-with-Soy-Sauce-Rice-Crackers-Pack-of-2/686797883?classType=REGULAR",
    "currentPrice": "current price $19.85",
    "pricePerOz": "N/A",
    "pickup": "Free shipping, arrives in 3+ days",
    "delivery": "N/A",
    "shipping": "N/A"
  },
  {
    "ioId": "4H0CDKS4HKVC",
    "linkIdentifier": "709568381",
    "text": "Keebler Cheese & Peanut Butter Sandwich Crackers",
    "href": "/ip/Sandwich-Crackers-Cheese-And-Peanut-Butter-8-Piece-Snack-Pack-12-box-Bundle-of-5-Boxes/709568381?classType=VARIANT",
    "currentPrice": "current price $30.90",
    "pricePerOz": "N/A",
    "pickup": "Free shipping, arrives in 3+ days",
    "delivery": "N/A",
    "shipping": "N/A"
  },
  {
    "ioId": "5IB2AKRXCTWO",
    "linkIdentifier": "1067220475",
    "text": "(5 pack) Bin Bin Rice Cracker",
    "href": "/ip/Bin-Bin-Rice-Cracker/1067220475?classType=REGULAR",
    "currentPrice": "current price $7.20",
    "pricePerOz": "38.9 ¢/oz",
    "pickup": "Shipping, arrives tomorrow",
    "delivery": "N/A",
    "shipping": "N/A"
  },
  {
    "ioId": "6L7S76L88QEC",
    "linkIdentifier": "728222544",
    "text": "Honey Maid Graham Crackers",
    "href": "/ip/Honey-Maid-Graham-Crackers/728222544?classType=REGULAR",
    "currentPrice": "current price $5.89",
    "pricePerOz": "+$3.98 shipping",
    "pickup": "Shipping, arrives in 3+ days",
    "delivery": "N/A",
    "shipping": "N/A"
  },
  {
    "ioId": "60Z2ZDE6B5J9",
    "linkIdentifier": "254273671",
    "text": "Wasa Gluten Free Sesame and Sea Salt Swedish Crispbread 6.1 oz",
    "href": "/ip/Wasa-Swedish-Style-Gluten-Free-Sesame-Sea-Salt-Crispbread-6-1-oz/254273671?classType=REGULAR",
    "currentPrice": "current price $10.00",
    "pricePerOz": "$1.64/oz",
    "pickup": "Shipping, arrives tomorrow",
    "delivery": "N/A",
    "shipping": "N/A"
  },
  {
    "ioId": "42GOO1OWG7B4",
    "linkIdentifier": "5404328900",
    "text": "YAFA Saltines Crackers Premium Thyme Saltine Crackers - Saltine Crackers Organic -Taste of Palestine - Low Salt Crackers - Crackers Snack 400g (Thyme)",
    "href": "/ip/YAFA-Saltines-Crackers-Premium-Thyme-Saltine-Organic-Taste-Palestine-Low-Salt-Snack-400g-Thyme/5404328900?classType=REGULAR",
    "currentPrice": "current price $12.95",
    "pricePerOz": "N/A",
    "pickup": "Shipping, arrives in 2 days",
    "delivery": "N/A",
    "shipping": "N/A"
  },
  {
    "ioId": "1PJ16VH2BONR",
    "linkIdentifier": "34799634",
    "text": "Absolutely Gluten Free Crackers Original 4.4 oz",
    "href": "/ip/Absolutely-Gluten-Free-Original-Grain-Free-Crackers-4-4-oz/34799634?classType=REGULAR",
    "currentPrice": "N/A",
    "pricePerOz": "N/A",
    "pickup": "Free shipping, arrives in 3+ days",
    "delivery": "N/A",
    "shipping": "N/A"
  },
  {
    "ioId": "6DYEXLT3AV50",
    "linkIdentifier": "440864110",
    "text": "Simple Mills Organic Seed Flour Crackers, Everything Seasoning, Gluten-Free, 4.25 oz",
    "href": "/ip/Simple-Mills-Organic-Seed-Flour-Crackers-Everything-Seasoning-Gluten-Free-4-25-oz/440864110?classType=VARIANT",
    "currentPrice": "N/A",
    "pricePerOz": "N/A",
    "pickup": "Free shipping, arrives in 3+ days",
    "delivery": "N/A",
    "shipping": "N/A"
  },
  {
    "ioId": "3PGRV1WAE18Y",
    "linkIdentifier": "831055250",
    "text": "Pepperidge Farm Goldfish Baked Snack Crackers, Variety Pack, 45-count",
    "href": "/ip/Pepperidge-Farm-Goldfish-Baked-Snack-Crackers-Variety-Pack-45-count/831055250?classType=REGULAR",
    "currentPrice": "current price $30.00",
    "pricePerOz": "N/A",
    "pickup": "Free shipping, arrives in 3+ days",
    "delivery": "N/A",
    "shipping": "N/A"
  },
  {
    "ioId": "7AY311613YT5",
    "linkIdentifier": "8084858033",
    "text": "(12 pack) Cheez-It Buffalo Wing Cheese Crackers, Baked Snack Crackers, 12.4 oz",
    "href": "/ip/Cheez-It-Buffalo-Wing-Cheese-Crackers-Baked-Snack-Crackers-12-4-oz/8084858033?classType=VARIANT",
    "currentPrice": "current price $34.56",
    "pricePerOz": "23.2 ¢/oz",
    "pickup": "Shipping, arrives in 3+ days",
    "delivery": "N/A",
    "shipping": "N/A"
  },
  {
    "ioId": "23YEYA8L0P2W",
    "linkIdentifier": "458260771",
    "text": "RITZ Toasted Chips Original Crackers, 8.1 oz",
    "href": "/ip/RITZ-Toasted-Chips-Original-Crackers-8-1-oz/458260771?classType=REGULAR&athbdg=L1600",
    "currentPrice": "current price Now $3.46",
    "pricePerOz": "$3.92",
    "pickup": "Pickup today",
    "delivery": "Delivery today",
    "shipping": "N/A"
  },
  {
    "ioId": "3F360FGLIK83",
    "linkIdentifier": "173184129",
    "text": "A Nabisco Maids Honey Cookie Item (14.4 oz., 4 pk.) Pack of 2",
    "href": "/ip/Honey-Maid-Honey-Graham-Crackers-3-lb-9-6-oz-4-pk/173184129?classType=REGULAR",
    "currentPrice": "current price $20.97",
    "pricePerOz": "N/A",
    "pickup": "Free shipping, arrives in 3+ days",
    "delivery": "N/A",
    "shipping": "N/A"
  },
  {
    "ioId": "79EF2X0VSGQP",
    "linkIdentifier": "239948482",
    "text": "Mary's Gone Crackers Organic & Gluten Free REAL THIN Crackers, 5 Oz",
    "href": "/ip/Mary-s-Gone-Crackers-Organic-Gluten-Free-REAL-THIN-Crackers-5-Oz/239948482?classType=REGULAR",
    "currentPrice": "current price Now $4.36",
    "pricePerOz": "$34.74",
    "pickup": "Shipping, arrives in 3+ days",
    "delivery": "N/A",
    "shipping": "N/A"
  },
  {
    "ioId": "1D6K38LBYELW",
    "linkIdentifier": "532725483",
    "text": "Ritz Peanut Butter Cracker Sandwiches 1.38 oz Pack",
    "href": "/ip/Ritz-Peanut-Butter-Cracker-Sandwiches-1-38-oz-Pack/532725483?classType=REGULAR",
    "currentPrice": "current price Now $3.00",
    "pricePerOz": "$3.50",
    "pickup": "Shipping, arrives in 3+ days",
    "delivery": "N/A",
    "shipping": "N/A"
  },
  {
    "ioId": "2PQPHKF1QJ9Q",
    "linkIdentifier": "145334785",
    "text": "Annie's Organic Cheddar Bunnies Baked Snack Crackers, 12 Pouches, 12 oz",
    "href": "/ip/Annie-s-Organic-CHDR-BUNNIES-BS-CRCKRS-12CT/145334785?classType=REGULAR",
    "currentPrice": "current price $11.99",
    "pricePerOz": "99.9 ¢/oz",
    "pickup": "Shipping, arrives in 3+ days",
    "delivery": "N/A",
    "shipping": "N/A"
  },
  {
    "ioId": "6JWMT08DSYF5",
    "linkIdentifier": "5333975524",
    "text": "RITZ Cheese Sandwich Crackers, School HYZ01 Snacks, 48 Snack Packs (6 Boxes, 6 Crackers Per Pack)",
    "href": "/ip/Ritz-Cheese-Sandwich-Crackers-48-Snack-Packs-6-Boxes-6-Crackers-Per-Pack/5333975524?classType=REGULAR",
    "currentPrice": "current price $29.91",
    "pricePerOz": "+$9.99 shipping",
    "pickup": "Shipping, arrives in 3+ days",
    "delivery": "N/A",
    "shipping": "N/A"
  },
  {
    "ioId": "4SNV9VH9WDH3",
    "linkIdentifier": "467430972",
    "text": "Product of Cheez-It Snapd Variety Pack 0.75 oz. 42 Pk.",
    "href": "/ip/Cheez-It-Snap-d-Variety-Pack-0-75-oz-42-pk/467430972?classType=REGULAR",
    "currentPrice": "current price $26.38",
    "pricePerOz": "N/A",
    "pickup": "Free shipping, arrives in 3+ days",
    "delivery": "N/A",
    "shipping": "N/A"
  },
  {
    "ioId": "1G5HR4BN4ONS",
    "linkIdentifier": "2165643384",
    "text": "Lance Captain's Wafers Peanut Butter & Honey Crackers 11 oz 8 Count Boxes - Single Pack",
    "href": "/ip/Lance-Captain-s-Wafers-Peanut-Butter-Honey-Crackers-11-oz-8-Count-Boxes-Single-Pack/2165643384?classType=REGULAR",
    "currentPrice": "current price $9.97",
    "pricePerOz": "+$7.50 shipping",
    "pickup": "Shipping, arrives in 3+ days",
    "delivery": "N/A",
    "shipping": "N/A"
  },
  {
    "ioId": "74EMNP34P4JN",
    "linkIdentifier": "821835681",
    "text": "Honey Maid Graham Crackers",
    "href": "/ip/Honey-Maid-Graham-Crackers/821835681?classType=REGULAR",
    "currentPrice": "current price $9.20",
    "pricePerOz": "N/A",
    "pickup": "Free shipping, arrives in 3+ days",
    "delivery": "N/A",
    "shipping": "N/A"
  },
  {
    "ioId": "22KE5AHCI93Y",
    "linkIdentifier": "11950217101",
    "text": "Munchies Cheetos Cheddar Cheese Sandwich Crackers, 1.38 oz, 8 Count (Pack of 6)",
    "href": "/ip/Munchies-Cheetos-Cheddar-Cheese-Sandwich-Crackers-1-38-oz-8-Count-Pack-of-6/11950217101?classType=VARIANT",
    "currentPrice": "current price $39.99",
    "pricePerOz": "+$11.49 shipping",
    "pickup": "Shipping, arrives in 3+ days",
    "delivery": "N/A",
    "shipping": "N/A"
  },
  {
    "ioId": "79I91QW9JLUP",
    "linkIdentifier": "601780170",
    "text": "Schar Gluten Free Multigrain Table Crackers, 7.4 oz | Case of 5",
    "href": "/ip/Schar-Gluten-Free-Multigrain-Table-Crackers-7-4-oz-Case-of-5/601780170?classType=VARIANT",
    "currentPrice": "current price $40.48",
    "pricePerOz": "N/A",
    "pickup": "Free shipping, arrives in 2 days",
    "delivery": "N/A",
    "shipping": "N/A"
  },
  {
    "ioId": "5YSTJRR9KQBT",
    "linkIdentifier": "833387055",
    "text": "TRISCUIT Crackers, Original Flavour, 1 Box (200g/7.1 oz) {Imported from Canada}",
    "href": "/ip/TRISCUIT-Crackers-Original-Flavour-1-Box-200g-7-1-oz-Imported-from-Canada/833387055?classType=REGULAR",
    "currentPrice": "current price $19.99",
    "pricePerOz": "N/A",
    "pickup": "Free shipping, arrives in 3+ days",
    "delivery": "N/A",
    "shipping": "N/A"
  },
  {
    "ioId": "0TI3E3FXYEZH",
    "linkIdentifier": "2462571121",
    "text": "Shirakiku - Hot Mate Assorted Rice Crackers 16 Oz.",
    "href": "/ip/Shirakiku-Hot-Mate-Assorted-Rice-Crackers-16-Oz/2462571121?classType=REGULAR",
    "currentPrice": "current price $13.96",
    "pricePerOz": "N/A",
    "pickup": "N/A",
    "delivery": "N/A",
    "shipping": "N/A"
  },
  {
    "ioId": "6Z0OX2YUJ7BA",
    "linkIdentifier": "11045755",
    "text": "Kellogg's Krispy Original Saltine Crackers, Soup Crackers, 16 oz",
    "href": "/ip/Kellogg-s-Krispy-Original-Saltine-Crackers-Soup-Crackers-16-oz/11045755?classType=REGULAR",
    "currentPrice": "current price $7.47",
    "pricePerOz": "46.7 ¢/oz",
    "pickup": "N/A",
    "delivery": "N/A",
    "shipping": "N/A"
  },
  {
    "ioId": "51PGZW5O6I60",
    "linkIdentifier": "731226587",
    "text": "Marys Gone Crackers Organic Super Seed Everything Cracker, 5.5 Ounce -- 6 per case",
    "href": "/ip/Marys-Gone-Crackers-Organic-Super-Seed-Everything-Cracker-5-5-Ounce-6-per-case/731226587?classType=REGULAR",
    "currentPrice": "current price $48.75",
    "pricePerOz": "N/A",
    "pickup": "Free shipping, arrives in 3+ days",
    "delivery": "N/A",
    "shipping": "N/A"
  },
  {
    "ioId": "4RFVA9L54MW5",
    "linkIdentifier": "344971367",
    "text": "Gefen Onion Poppy Matzo, 11 oz",
    "href": "/ip/Gefen-Onion-Poppy-Matzo-11-oz/344971367?classType=REGULAR",
    "currentPrice": "N/A",
    "pricePerOz": "N/A",
    "pickup": "Free shipping, arrives in 3+ days",
    "delivery": "N/A",
    "shipping": "N/A"
  },
  {
    "ioId": "6AHU38W28FLZ",
    "linkIdentifier": "862862653",
    "text": "NineChef Bundle - Want-Want Senbei Rice Crackers 92g(3.28oz) + 1 NineChef ChopStick",
    "href": "/ip/NineChef-Bundle-Want-Want-Senbei-Rice-Crackers-92g-3-28oz-1-NineChef-ChopStick/862862653?classType=REGULAR",
    "currentPrice": "current price Now $8.99",
    "pricePerOz": "$12.99",
    "pickup": "Free shipping, arrives in 3+ days",
    "delivery": "N/A",
    "shipping": "N/A"
  },
  {
    "ioId": "42OOJE55GGIE",
    "linkIdentifier": "476109298",
    "text": "Crunchmaster 5 Seed Multi-Grain Cracker with Olive Oil 20 Ounce",
    "href": "/ip/Crunchmaster-5-Seed-Multi-Grain-Cracker-with-Olive-Oil-20-Ounce/476109298?classType=REGULAR",
    "currentPrice": "current price $16.19",
    "pricePerOz": "N/A",
    "pickup": "Shipping, arrives in 2 days",
    "delivery": "N/A",
    "shipping": "N/A"
  },
  {
    "ioId": "37ZTMI0L5I9V",
    "linkIdentifier": "7279505955",
    "text": "Keebler Kellogg's Graham Cracker Original Crumbs 13.5 oz (Pack of 5)",
    "href": "/ip/Kellogg-s-Graham-Cracker-Original-Crumbs-13-5-oz-Pack-of-5/7279505955?classType=VARIANT",
    "currentPrice": "current price $25.00",
    "pricePerOz": "+$9.98 shipping",
    "pickup": "Shipping, arrives in 3+ days",
    "delivery": "N/A",
    "shipping": "N/A"
  },
  {
    "ioId": "4HF3C6KNBE02",
    "linkIdentifier": "157008975",
    "text": "Combos Cheddar Cheese Pretzel Baked Snacks, 1.8 oz (18 Pack)",
    "href": "/ip/Combos-Cheddar-Cheese-Pretzel-Baked-Snacks-1-8-oz-18-Pack/157008975?classType=REGULAR",
    "currentPrice": "current price Now $10.98",
    "pricePerOz": "$22.02",
    "pickup": "Free shipping, arrives in 3+ days",
    "delivery": "N/A",
    "shipping": "N/A"
  },
  {
    "ioId": "28Y1BNMHIGZY",
    "linkIdentifier": "5230202080",
    "text": "(3 pack) Wheat Thins Hint of Salt Low Sodium Whole Grain Wheat Crackers, 8.5 oz",
    "href": "/ip/Wheat-Thins-Hint-of-Salt-Low-Sodium-Whole-Grain-Wheat-Crackers-8-5-oz/5230202080?classType=REGULAR",
    "currentPrice": "current price $11.34",
    "pricePerOz": "44.5 ¢/oz",
    "pickup": "Pickup today",
    "delivery": "Delivery today",
    "shipping": "Shipping, arrives tomorrow"
  },
  {
    "ioId": "2A4RPCI4U4AW",
    "linkIdentifier": "7708353548",
    "text": "RITZ Original Crackers, 3.43 oz., 18 count.pack of 2",
    "href": "/ip/RITZ-Original-Crackers-3-43-oz-18-count-pack-of-2/7708353548?classType=REGULAR",
    "currentPrice": "current price $35.70",
    "pricePerOz": "N/A",
    "pickup": "Free shipping, arrives in 3+ days",
    "delivery": "N/A",
    "shipping": "N/A"
  },
  {
    "ioId": "64H66BT43BA8",
    "linkIdentifier": "269808405",
    "text": "Pepperidge Farm Goldfish Extreme Cheddar Crackers, 180g/6.34oz - Crunchy, Cheesy Snack",
    "href": "/ip/Pepperidge-Goldfish-Extreme-Cheddar-180g-6-34oz-Imported-from-Canada/269808405?classType=REGULAR",
    "currentPrice": "current price $10.10",
    "pricePerOz": "N/A",
    "pickup": "Free shipping, arrives in 3+ days",
    "delivery": "N/A",
    "shipping": "N/A"
  },
  {
    "ioId": "6VJC81XUT3AB",
    "linkIdentifier": "193854708",
    "text": "Ritz 2347449 3.47 oz Salted Snack Crackers, Pack of 12",
    "href": "/ip/Ritz-2347449-3-47-oz-Salted-Snack-Crackers-44-Pack-of-12/193854708?classType=REGULAR",
    "currentPrice": "current price $38.79",
    "pricePerOz": "N/A",
    "pickup": "Free shipping, arrives in 3+ days",
    "delivery": "N/A",
    "shipping": "N/A"
  },
  {
    "ioId": "2BJJM1YXZNR4",
    "linkIdentifier": "51630350",
    "text": "Holyland Round Shmura Matzo, 16 oz",
    "href": "/ip/Holyland-Round-Shmura-Matzo-16-oz/51630350?classType=REGULAR",
    "currentPrice": "current price $28.18",
    "pricePerOz": "$1.76/oz",
    "pickup": "Shipping, arrives in 2 days",
    "delivery": "N/A",
    "shipping": "N/A"
  },
  {
    "ioId": "5XRSATK17IRO",
    "linkIdentifier": "149785337",
    "text": "Yehuda Gluten Free Matzo Squares, 10.5 Ounce -- 12 per case",
    "href": "/ip/Yehuda-Gluten-Free-Matzo-Squares-10-5-Ounce-12-per-case/149785337?classType=REGULAR",
    "currentPrice": "current price $96.58",
    "pricePerOz": "N/A",
    "pickup": "Free shipping, arrives in 2 days",
    "delivery": "N/A",
    "shipping": "N/A"
  },
  {
    "ioId": "3EEE1LFK4OZS",
    "linkIdentifier": "1427205096",
    "text": "Pepperidge Farm Goldfish Baby Cheddar Crackers - 7.2oz Bag Pack of 3",
    "href": "/ip/Goldfish-Baby-Cheddar-Crackers-Snack-Crackers-7-2-oz-bag-pack-of-3/1427205096?classType=REGULAR",
    "currentPrice": "current price Now $14.99",
    "pricePerOz": "$24.99",
    "pickup": "Shipping, arrives in 3+ days",
    "delivery": "N/A",
    "shipping": "N/A"
  },
  {
    "ioId": "4Q2KX9UUYY5T",
    "linkIdentifier": "421882106",
    "text": "Crunchmaster 5 Seed Multi-Grain Crackers (10oz., 2pk.)",
    "href": "/ip/Crunchmaster-5-Seed-Multi-Grain-Cracker-with-Olive-Oil-10-oz-2-pk/421882106?classType=REGULAR",
    "currentPrice": "current price $21.27",
    "pricePerOz": "N/A",
    "pickup": "Free shipping, arrives in 3+ days",
    "delivery": "N/A",
    "shipping": "N/A"
  },
  {
    "ioId": "3VIT1COZ6U76",
    "linkIdentifier": "5266754162",
    "text": "(3 pack) Simple Mills Seed and Nut Flour Sweet Thins, Honey Cinnamon, Gluten-Free, 4.25 oz",
    "href": "/ip/Simple-Mills-Seed-and-Nut-Flour-Sweet-Thins-Honey-Cinnamon-Gluten-Free-4-25-oz/5266754162?classType=REGULAR",
    "currentPrice": "current price $14.64",
    "pricePerOz": "$1.14/oz",
    "pickup": "Pickup today",
    "delivery": "Delivery today",
    "shipping": "Shipping, arrives tomorrow"
  },
  {
    "ioId": "6XUF13FC3FY9",
    "linkIdentifier": "3993630995",
    "text": "Cheez-It Extra Crunchy Bold Cheddar Cheese Crackers, Baked Snack Crackers, 12.4 oz",
    "href": "/ip/Cheez-It-Bold-Cheddar-Cheese-Crackers-Baked-Snack-Crackers-12-4-oz/3993630995?classType=VARIANT&athbdg=L1300",
    "currentPrice": "current price Now $3.38",
    "pricePerOz": "$3.78",
    "pickup": "Pickup today",
    "delivery": "Delivery today",
    "shipping": "N/A"
  },
  {
    "ioId": "3DP07UY16V91",
    "linkIdentifier": "5100609641",
    "text": "Good Thins Simply Salt Rice Snacks Gluten Free Crackers, 3.5 oz. (Pack of 3)",
    "href": "/ip/Good-Thins-Simply-Salt-Rice-Snacks-Gluten-Free-Crackers-3-5-oz-Pack-of-3/5100609641?classType=REGULAR",
    "currentPrice": "current price $12.90",
    "pricePerOz": "+$9.88 shipping",
    "pickup": "Shipping, arrives in 3+ days",
    "delivery": "N/A",
    "shipping": "N/A"
  },
  {
    "ioId": "3X19SHLIYJPD",
    "linkIdentifier": "463831776",
    "text": "Schar - Crackers Honeygrams Gluten Free - Case Of 6-5.6 Oz",
    "href": "/ip/Crackers-Honeygrams-Gluten-Free-Case-of-6-5-6-OZ/463831776?classType=REGULAR",
    "currentPrice": "current price $38.55",
    "pricePerOz": "$1.15/oz",
    "pickup": "Free shipping, arrives in 2 days",
    "delivery": "N/A",
    "shipping": "N/A"
  },
  {
    "ioId": "3Z6XO5YL6B10",
    "linkIdentifier": "13190474168",
    "text": "Town House FlipSides Oven Baked Crackers, Original, 9.2oz Box (1 Box)",
    "href": "/ip/Town-House-FlipSides-Oven-Baked-Crackers-Original-9-2oz-Box-1-Box/13190474168?classType=REGULAR",
    "currentPrice": "N/A",
    "pricePerOz": "N/A",
    "pickup": "Free shipping, arrives in 3+ days",
    "delivery": "N/A",
    "shipping": "N/A"
  },
  {
    "ioId": "6CVXN4YAI7YF",
    "linkIdentifier": "559320654",
    "text": "Qwackers Crackers Cheddar Cheese 5 oz Bag",
    "href": "/ip/Qwackers-Crackers-Cheddar-Cheese-5-oz-Bag/559320654?classType=REGULAR",
    "currentPrice": "current price $10.49",
    "pricePerOz": "$2.10/oz",
    "pickup": "Free shipping, arrives in 3+ days",
    "delivery": "N/A",
    "shipping": "N/A"
  },
  {
    "ioId": "2E0LYKZPDAVP",
    "linkIdentifier": "24297506",
    "text": "Cheez-It Original Cheese Crackers, Baked Snack Crackers, 6 Count",
    "href": "/ip/Cheez-It-Original-Cheese-Crackers-Baked-Snack-Crackers-6-Count/24297506?classType=REGULAR",
    "currentPrice": "N/A",
    "pricePerOz": "N/A",
    "pickup": "Free shipping, arrives in 3+ days",
    "delivery": "N/A",
    "shipping": "N/A"
  },
  {
    "ioId": "7FAJZQLWQOQW",
    "linkIdentifier": "520740011",
    "text": "Combos Cheddar Cheese Cracker Snacks 6.3 Oz ( 1 unit )",
    "href": "/ip/Combos-Cheddar-Cheese-Cracker-Snacks-6-3-Oz-1-unit/520740011?classType=REGULAR",
    "currentPrice": "current price $4.90",
    "pricePerOz": "+$5.49 shipping",
    "pickup": "Shipping, arrives in 3+ days",
    "delivery": "N/A",
    "shipping": "N/A"
  },
  {
    "ioId": "3KS9A6CCBMIW",
    "linkIdentifier": "739489808",
    "text": "Lance Sandwich Crackers, Variety Pack of Two (1.41 oz., 40 ct.)",
    "href": "/ip/Lance-Sandwich-Cracker-Variety-Pack-40-ct-Pack-of-2/739489808?classType=REGULAR",
    "currentPrice": "current price $21.58",
    "pricePerOz": "N/A",
    "pickup": "Free shipping, arrives in 3+ days",
    "delivery": "N/A",
    "shipping": "N/A"
  },
  {
    "ioId": "5YR8YNMXQDON",
    "linkIdentifier": "22242088",
    "text": "Lance, LNE40625, Cookies & Cracker Sandwiches Variety Pack, 24 / Box",
    "href": "/ip/Lance-LNE40625-Cookies-amp-Cracker-Sandwiches-Variety-Pack-24-Box/22242088?classType=REGULAR",
    "currentPrice": "current price $30.66",
    "pricePerOz": "N/A",
    "pickup": "Free shipping, arrives in 3+ days",
    "delivery": "N/A",
    "shipping": "N/A"
  },
  {
    "ioId": "1SAKX1TMV334",
    "linkIdentifier": "1299570957",
    "text": "Glutino Gluten Free Crackers, Original, 4.4 Ounce Boxes (Pack of 6)",
    "href": "/ip/Glutino-Gluten-Free-Crackers-Original-4-4-Ounce-Boxes-Pack-of-6/1299570957?classType=VARIANT",
    "currentPrice": "current price $36.99",
    "pricePerOz": "N/A",
    "pickup": "Free shipping, arrives in 3+ days",
    "delivery": "N/A",
    "shipping": "N/A"
  },
  {
    "ioId": "57RZG2DCNGHG",
    "linkIdentifier": "1685050895",
    "text": "Britannia Crackers 50 50 Sweet and Salty Biscuit 13.12oz (372g) - Delicious, Light & Crispy Grocery Cookies - Best Treat for Friends & Family (Pack of 6)",
    "href": "/ip/Britannia-Crackers-50-Sweet-Salty-Biscuit-13-12oz-372g-Delicious-Light-Crispy-Grocery-Cookies-Best-Treat-Friends-Family-Pack-6/1685050895?classType=VARIANT",
    "currentPrice": "current price $19.95",
    "pricePerOz": "N/A",
    "pickup": "Free shipping, arrives in 3+ days",
    "delivery": "N/A",
    "shipping": "N/A"
  },
  {
    "ioId": "61F6TUCSA5J6",
    "linkIdentifier": "8873904974",
    "text": "2X - Triscuit Rosemary & Olive Oil Whole Grain Wheat Crackers, 8.5 Oz",
    "href": "/ip/2X-Triscuit-Rosemary-Olive-Oil-Whole-Grain-Wheat-Crackers-8-5-Oz/8873904974?classType=REGULAR",
    "currentPrice": "current price Now $5.10",
    "pricePerOz": "$12.93",
    "pickup": "Shipping, arrives in 3+ days",
    "delivery": "N/A",
    "shipping": "N/A"
  },
  {
    "ioId": "3CHU8N8JNE87",
    "linkIdentifier": "185482615",
    "text": "NineChef Bundle - Want-Want Senbei Rice Crackers 92g /3.25 Oz (Pack of 1) + 1 NineChef ChopStick",
    "href": "/ip/NineChef-Bundle-Want-Want-Senbei-Rice-Crackers-92g-3-25-Oz-Pack-of-1-1-NineChef-ChopStick/185482615?classType=REGULAR",
    "currentPrice": "current price Now $8.99",
    "pricePerOz": "$12.99",
    "pickup": "Free shipping, arrives in 3+ days",
    "delivery": "N/A",
    "shipping": "N/A"
  },
  {
    "ioId": "3SBN6Q0UXFK9",
    "linkIdentifier": "434277385",
    "text": "Keebler Sandwich Crackers, 3 Flavor Variety Pack, Kids School Lunch (45 Count)",
    "href": "/ip/Keebler-Sandwich-Crackers-3-Flavor-Variety-Pack-Kids-School-Lunch-45-Count/434277385?classType=REGULAR",
    "currentPrice": "current price $23.89",
    "pricePerOz": "+$9.99 shipping",
    "pickup": "Shipping, arrives in 3+ days",
    "delivery": "N/A",
    "shipping": "N/A"
  },
  {
    "ioId": "2MXZ0DRVZ2DE",
    "linkIdentifier": "424616438",
    "text": "Nab C-Pk Barnum Animal Crkr 2.12 Oz - 1 count only",
    "href": "/ip/Nab-C-Pk-Barnum-Animal-Crkr-2-12-Oz-1-count-only/424616438?classType=REGULAR",
    "currentPrice": "current price $3.70",
    "pricePerOz": "+$4.49 shipping",
    "pickup": "Shipping, arrives in 3+ days",
    "delivery": "N/A",
    "shipping": "N/A"
  },
  {
    "ioId": "3I15IQK7U9EX",
    "linkIdentifier": "441683152",
    "text": "Keebler, Zesta, Saltine Crackers, Original, Single Serve, 0.20 Oz(Pack of 300)",
    "href": "/ip/Keebler-Zesta-Saltine-Crackers-Original-Single-Serve-0-20-Oz-Pack-of-300/441683152?classType=VARIANT",
    "currentPrice": "current price $33.98",
    "pricePerOz": "N/A",
    "pickup": "Free shipping, arrives in 3+ days",
    "delivery": "N/A",
    "shipping": "N/A"
  },
  {
    "ioId": "2LGDYA6IZKZP",
    "linkIdentifier": "5349776371",
    "text": "Stauffer's Animal Crackers, Chocolate, 8 oz (Pack of 2) NG01",
    "href": "/ip/Stauffer-s-Animal-Crackers-Chocolate-8-oz-Pack-of-2-NG01/5349776371?classType=REGULAR",
    "currentPrice": "current price $11.99",
    "pricePerOz": "N/A",
    "pickup": "Free shipping, arrives in 3+ days",
    "delivery": "N/A",
    "shipping": "N/A"
  },
  {
    "ioId": "1GEXZJ5Z581V",
    "linkIdentifier": "801679131",
    "text": "Pepperidge Farm Goldfish Crackers Sweet & Savory Variety Pack Box, 45-count Single-Serve Snack Packs",
    "href": "/ip/Pepperidge-Farm-Goldfish-Crackers-Sweet-Savory-Variety-Pack-Box-45-count-Single-Serve-Snack-Packs/801679131?classType=REGULAR",
    "currentPrice": "current price Now $28.99",
    "pricePerOz": "$35.47",
    "pickup": "Free shipping, arrives in 3+ days",
    "delivery": "N/A",
    "shipping": "N/A"
  },
  {
    "ioId": "0SU3PDBAMFT5",
    "linkIdentifier": "329562074",
    "text": "RITZ Toasted Chips Sour Cream and Onion Crackers, 8.1 oz",
    "href": "/ip/RITZ-Toasted-Chips-Sour-Cream-and-Onion-Crackers-8-1-oz/329562074?classType=VARIANT&athbdg=L1600",
    "currentPrice": "current price Now $3.46",
    "pricePerOz": "$3.92",
    "pickup": "Pickup today",
    "delivery": "Delivery today",
    "shipping": "N/A"
  },
  {
    "ioId": "3BPTCDCL6CI9",
    "linkIdentifier": "31196630",
    "text": "Kellogg's SCOOBY-DOO! Honey Baked Graham Cracker Snacks, Lunch Box Snacks, 11 oz",
    "href": "/ip/Kellogg-s-SCOOBY-DOO-Honey-Baked-Graham-Cracker-Snacks-Lunch-Box-Snacks-11-oz/31196630?classType=VARIANT",
    "currentPrice": "current price $5.96",
    "pricePerOz": "54.2 ¢/oz",
    "pickup": "Shipping, arrives in 3+ days",
    "delivery": "N/A",
    "shipping": "N/A"
  },
  {
    "ioId": "5QTFL2V0ZA2W",
    "linkIdentifier": "173519496",
    "text": "Jovial Sourdough Einkorn Crackers Rosemary, 4.5 Oz.",
    "href": "/ip/Jovial-Sourdough-Einkorn-Crackers-Rosemary-4-5-Oz/173519496?classType=REGULAR",
    "currentPrice": "current price $5.74",
    "pricePerOz": "$1.28/oz",
    "pickup": "Shipping, arrives in 3+ days",
    "delivery": "N/A",
    "shipping": "N/A"
  },
  {
    "ioId": "6CQ1EI0X10JK",
    "linkIdentifier": "525397082",
    "text": "Crunchmaster Multi-Seed Cracker Ultimate Everything Crunchy Gluten Free, 4oz",
    "href": "/ip/Crunchmaster-Multi-Seed-Cracker-Ultimate-Everything-Crunchy-Gluten-Free-4oz/525397082?classType=REGULAR",
    "currentPrice": "current price $8.23",
    "pricePerOz": "$2.06/oz",
    "pickup": "Free shipping, arrives in 3+ days",
    "delivery": "N/A",
    "shipping": "N/A"
  },
  {
    "ioId": "5R5F7DCF08CK",
    "linkIdentifier": "20554646",
    "text": "Excelsior Fat Free Water Crackers, 10.57 Oz",
    "href": "/ip/Excelsior-Fat-Free-Water-Crackers-10-57-Oz/20554646?classType=REGULAR",
    "currentPrice": "N/A",
    "pricePerOz": "N/A",
    "pickup": "Free shipping, arrives in 3+ days",
    "delivery": "N/A",
    "shipping": "N/A"
  },
  {
    "ioId": "10Z8M6XVOFBW",
    "linkIdentifier": "5074888743",
    "text": "Kellogg's Variety Pack Chewy Sweet Snacks, Ready-to-Eat, Lunch Snacks, 20.5 oz, 20 Count",
    "href": "/ip/Kellogg-s-Variety-Pack-Chewy-Sweet-Snacks-Ready-to-Eat-Lunch-Snacks-20-Count/5074888743?classType=REGULAR",
    "currentPrice": "N/A",
    "pricePerOz": "N/A",
    "pickup": "Free shipping, arrives in 3+ days",
    "delivery": "N/A",
    "shipping": "N/A"
  },
  {
    "ioId": "3I3CJMRY4UM3",
    "linkIdentifier": "13460301857",
    "text": "Glico Cheeza Japanese Cheese Crackers Variety Pack, 4 Flavors (Cheddar, Camembert, Black Pepper, Avocadooza), 1.27 Ounce Each, Pack of 4",
    "href": "/ip/Glico-Cheeza-Japanese-Cheese-Crackers-Variety-Pack-4-Flavors-Cheddar-Camembert-Black-Pepper-Avocadooza-1-27-Ounce-Each-Pack-of-4/13460301857?classType=REGULAR",
    "currentPrice": "current price $9.98",
    "pricePerOz": "N/A",
    "pickup": "N/A",
    "delivery": "N/A",
    "shipping": "N/A"
  }
]