[
  {
    "ioId": "60PCNQ6Q5BTO",
    "linkIdentifier": "5258440232",
    "text": "Sulyn 0.70oz Embellishment Mixes- Happy Gathering Theme, Plastic Container",
    "href": "/ip/Sulyn-0-70oz-Embellishment-Mixes-Happy-Gathering-Theme-Plastic-Container/5258440232?classType=REGULAR&from=/search",
    "currentPrice": "current price $3.44",
    "pricePerOz": "$4.91/oz",
    "pickup": "Pickup today",
    "delivery": "Delivery today",
    "shipping": "N/A"
  },
  {
    "ioId": "1DCQ8521JYAV",
    "linkIdentifier": "512324029",
    "text": "Wilton Unicorn Ears and Horn Icing Decorations, Gold, 0.88 oz, 9-Count, Gold",
    "href": "/ip/Wilton-Unicorn-Ears-and-Horn-Icing-Decorations-Gold-0-88-oz-9-Count-Gold/512324029?classType=VARIANT&from=/search",
    "currentPrice": "current price $6.27",
    "pricePerOz": "$6.97/oz",
    "pickup": "Pickup today",
    "delivery": "Delivery today",
    "shipping": "Shipping, arrives today"
  },
  {
    "ioId": "6M6D1BD5QMDD",
    "linkIdentifier": "1866619040",
    "text": "Fancy Sprinkles Opulust Fancy Edible Glitter Packets, 10 Count",
    "href": "/ip/Fancy-Sprinkles-Opulust-Fancy-Edible-Glitter-Packets-10-Count/1866619040?classType=REGULAR&from=/search",
    "currentPrice": "current price $10.47",
    "pricePerOz": "$52.35/oz",
    "pickup": "Pickup today",
    "delivery": "Delivery today",
    "shipping": "N/A"
  },
  {
    "ioId": "20IYSQS9ERE2",
    "linkIdentifier": "5326338698",
    "text": "Fancy Sprinkles Vanilla Ice Cream Cone Decorating Kit, 12.1 oz",
    "href": "/ip/Fancy-Sprinkles-Vanilla-Ice-Cream-Cone-Decorating-Kit-12-1-oz/5326338698?classType=REGULAR&from=/search",
    "currentPrice": "current price $5.96",
    "pricePerOz": "N/A",
    "pickup": "Pickup today",
    "delivery": "Delivery today",
    "shipping": "Shipping, arrives today"
  },
  {
    "ioId": "6WF21ZPBN37P",
    "linkIdentifier": "330235627",
    "text": "Great Value White Decorating Gel, 0.67 oz",
    "href": "/ip/Great-Value-White-Decorating-Gel-0-67-oz/330235627?classType=VARIANT&from=/search",
    "currentPrice": "current price $1.56",
    "pricePerOz": "$2.23/oz",
    "pickup": "Pickup today",
    "delivery": "Delivery today",
    "shipping": "N/A"
  },
  {
    "ioId": "1JLRXR0C6GYX",
    "linkIdentifier": "2022379614",
    "text": "Sweetshop Purple Mermaid Tails Icing Decorations, 6 Pieces",
    "href": "/ip/Sweetshop-Purple-Mermaid-Tails-Icing-Decorations-6-Pieces/2022379614?classType=REGULAR&from=/search",
    "currentPrice": "current price $5.47",
    "pricePerOz": "$13.02/oz",
    "pickup": "Pickup today",
    "delivery": "Delivery today",
    "shipping": "Shipping, arrives today"
  },
  {
    "ioId": "76YNDAU4RMFC",
    "linkIdentifier": "163860811",
    "text": "Great Value Cinnamon Sugar, 3.62 oz",
    "href": "/ip/Great-Value-Cinnamon-Sugar-3-62-oz/163860811?classType=VARIANT&from=/search",
    "currentPrice": "current price $2.28",
    "pricePerOz": "63.0 ¢/oz",
    "pickup": "Pickup today",
    "delivery": "Delivery today",
    "shipping": "N/A"
  },
  {
    "ioId": "7JW6N4JA2QM7",
    "linkIdentifier": "5265004657",
    "text": "Fancy Sprinkles Be My Hero Sweet & Salty Snack Decorating Kit, 11.9 oz",
    "href": "/ip/Fancy-Sprinkles-Be-My-Hero-Sweet-Salty-Snack-Decorating-Kit-11-9-oz/5265004657?classType=REGULAR&from=/search",
    "currentPrice": "current price $13.63",
    "pricePerOz": "$1.15/oz",
    "pickup": "Pickup today",
    "delivery": "Delivery today",
    "shipping": "N/A"
  },
  {
    "ioId": "7JTU844QUL37",
    "linkIdentifier": "373505611",
    "text": "Great Value Decorating Gel Icing, Pink, 0.67 oz",
    "href": "/ip/Great-Value-Decorating-Gel-Pink-0-67-oz/373505611?classType=REGULAR&from=/search",
    "currentPrice": "current price $1.56",
    "pricePerOz": "$2.23/oz",
    "pickup": "Pickup today",
    "delivery": "Delivery today",
    "shipping": "N/A"
  },
  {
    "ioId": "6X06I7EAKMJT",
    "linkIdentifier": "757560032",
    "text": "Great Value Blue Decorating Cupcake Icing, 6.4 oz",
    "href": "/ip/Great-Value-Decorating-Blue-Cupcake-Icing-6-4-oz/757560032?classType=REGULAR&from=/search",
    "currentPrice": "current price $4.56",
    "pricePerOz": "71.3 ¢/oz",
    "pickup": "Pickup today",
    "delivery": "Delivery today",
    "shipping": "Shipping, arrives today"
  },
  {
    "ioId": "1ZDLTKCIKMZB",
    "linkIdentifier": "138263708",
    "text": "Great Value White Cupcake Icing, 8.4 oz",
    "href": "/ip/Great-Value-White-Cupcake-Icing-8-4-ounces/138263708?classType=REGULAR&from=/search",
    "currentPrice": "current price $4.56",
    "pricePerOz": "54.3 ¢/oz",
    "pickup": "Pickup today",
    "delivery": "Delivery today",
    "shipping": "Shipping, arrives today"
  },
  {
    "ioId": "17PBDEKDGQF6",
    "linkIdentifier": "25211881",
    "text": "Wilton Dab-N-Hold Edible Adhesive, Clear, 2 oz.",
    "href": "/ip/Wilton-Dab-N-Hold-Edible-Adhesive-2-oz/25211881?classType=REGULAR&athbdg=L1600&from=/search",
    "currentPrice": "current price $7.14",
    "pricePerOz": "$3.57/fl oz",
    "pickup": "Pickup today",
    "delivery": "Delivery today",
    "shipping": "Shipping, arrives today"
  },
  {
    "ioId": "63MA129MYHQC",
    "linkIdentifier": "764890205",
    "text": "Great Value Pink Decorating Icing, 8 oz",
    "href": "/ip/Great-Value-Pink-Decorating-Icing-8-oz/764890205?classType=REGULAR&from=/search",
    "currentPrice": "current price $3.48",
    "pricePerOz": "43.5 ¢/oz",
    "pickup": "Pickup today",
    "delivery": "Delivery today",
    "shipping": "N/A"
  },
  {
    "ioId": "2QVIKMUVCJ43",
    "linkIdentifier": "265232087",
    "text": "Wilton Ready Gum Paste for Edible Decorations, Frosting and Icing, White, 10 oz., Sugar Flavor",
    "href": "/ip/Wilton-Ready-Gum-Paste-for-Edible-Decorations-Frosting-and-Icing-White-10-oz-Sugar-Flavor/265232087?classType=VARIANT&from=/search",
    "currentPrice": "current price $6.78",
    "pricePerOz": "67.8 ¢/oz",
    "pickup": "Pickup today",
    "delivery": "Delivery today",
    "shipping": "Shipping, arrives today"
  },
  {
    "ioId": "74P2TXVGU46H",
    "linkIdentifier": "10289808481",
    "text": "Freshness Guaranteed Spring Marshmallow Treat, 16oz, 24 Count, Shelf Stable, Chewy, Instant, Contains Milk",
    "href": "/ip/Freshness-Guaranteed-Spring-Marshmallow-Treat-16oz-24ct-Shelf-Stable-Chewy-Crispy/10289808481?classType=REGULAR&from=/search",
    "currentPrice": "current price $7.47",
    "pricePerOz": "46.7 ¢/oz",
    "pickup": "Pickup today",
    "delivery": "Delivery today",
    "shipping": "N/A"
  },
  {
    "ioId": "6DAUH58FV0QX",
    "linkIdentifier": "470786688",
    "text": "Great Value Decorating Gel, Black, 0.67 oz",
    "href": "/ip/Great-Value-Decorating-Gel-Black-0-67-oz/470786688?classType=VARIANT&from=/search",
    "currentPrice": "current price $1.56",
    "pricePerOz": "$2.23/oz",
    "pickup": "Pickup today",
    "delivery": "Delivery today",
    "shipping": "N/A"
  },
  {
    "ioId": "3OZR6U3TM0XS",
    "linkIdentifier": "52668820",
    "text": "Wilton Clear Piping Gel, Edible Adhesive for Fondant and Gum Paste Decorations, 10 oz., Unflavored",
    "href": "/ip/Wilton-Clear-Piping-Gel-Edible-Adhesive-for-Fondant-and-Gum-Paste-Decorations-10-oz-Unflavored/52668820?classType=REGULAR&from=/search",
    "currentPrice": "current price $4.38",
    "pricePerOz": "43.8 ¢/oz",
    "pickup": "Pickup today",
    "delivery": "Delivery today",
    "shipping": "Shipping, arrives today"
  },
  {
    "ioId": "69PXH8PVWNDT",
    "linkIdentifier": "846153939",
    "text": "Great Value Happy Birthday Stars Candy Cake Decor, 0.91 oz",
    "href": "/ip/Great-Value-Happy-Birthday-Stars-Candy-Cake-Decor-0-91-oz/846153939?classType=REGULAR&from=/search",
    "currentPrice": "current price $4.48",
    "pricePerOz": "$4.98/oz",
    "pickup": "Pickup today",
    "delivery": "Delivery today",
    "shipping": "Shipping, arrives today"
  },
  {
    "ioId": "11PR9DJ8IFSH",
    "linkIdentifier": "720825826",
    "text": "Cake Craft Gold Color Spray, Cake Decoration Color Spray, 1.5 oz.",
    "href": "/ip/Cake-Craft-Gold-Color-Spray-Cake-Decoration-Color-Spray-1-5-oz/720825826?classType=VARIANT&from=/search",
    "currentPrice": "current price $4.98",
    "pricePerOz": "$3.32/oz",
    "pickup": "Pickup today",
    "delivery": "Delivery today",
    "shipping": "Shipping, arrives today"
  },
  {
    "ioId": "2IEEQ7OPH6K1",
    "linkIdentifier": "269533074",
    "text": "Great Value Blue Decorating Gel, 0.67 oz",
    "href": "/ip/Great-Value-Blue-Decorating-Gel-0-67-oz/269533074?classType=VARIANT&from=/search",
    "currentPrice": "current price $1.56",
    "pricePerOz": "$2.23/oz",
    "pickup": "Pickup today",
    "delivery": "Delivery today",
    "shipping": "N/A"
  },
  {
    "ioId": "4C4Q5BQUYZA9",
    "linkIdentifier": "10292569",
    "text": "Dream Whip OK Kosher Certification Whipped Topping Mix Box, 2.6 oz",
    "href": "/ip/Dream-Whip-OK-Kosher-Certification-Whipped-Topping-Mix-Box-2-6-oz/10292569?classType=VARIANT&from=/search",
    "currentPrice": "current price $3.63",
    "pricePerOz": "$1.40/oz",
    "pickup": "Pickup today",
    "delivery": "Delivery today",
    "shipping": "N/A"
  },
  {
    "ioId": "6M015KGOMVWH",
    "linkIdentifier": "516536188",
    "text": "ChocoMaker Chocolate Flavored Brown Cake Drip, 10.75oz Bottle",
    "href": "/ip/ChocoMaker-Chocolate-Flavored-Brown-Cake-Drip-10-75oz-Microwavable-Bottle/516536188?classType=REGULAR&from=/search",
    "currentPrice": "current price $5.48",
    "pricePerOz": "50.7 ¢/oz",
    "pickup": "Pickup today",
    "delivery": "Delivery today",
    "shipping": "Shipping, arrives today"
  },
  {
    "ioId": "1PCFEEVF5D4L",
    "linkIdentifier": "805089567",
    "text": "Wilton Sunflower Icing Decorations, 12-Count",
    "href": "/ip/Wilton-Sunflower-Royal-Icing-Decorations-Yellow-0-63-oz/805089567?classType=VARIANT&from=/search",
    "currentPrice": "current price $6.48",
    "pricePerOz": "$10.80/oz",
    "pickup": "Pickup today",
    "delivery": "Delivery today",
    "shipping": "Shipping, arrives today"
  },
  {
    "ioId": "17XF6C1PLE4K",
    "linkIdentifier": "630888473",
    "text": "Great Value Cookie Icing, Red, 7 oz",
    "href": "/ip/Great-Value-Cookie-Icing-Red-7-Ounces/630888473?classType=REGULAR&from=/search",
    "currentPrice": "current price $3.32",
    "pricePerOz": "47.4 ¢/oz",
    "pickup": "Pickup today",
    "delivery": "Delivery today",
    "shipping": "N/A"
  },
  {
    "ioId": "789A7NC9SQKP",
    "linkIdentifier": "214886506",
    "text": "Great Value Pink Cupcake Icing, 8.4 oz",
    "href": "/ip/GV-Icing-Cupcake-Can-NTF-PINK/214886506?classType=REGULAR&from=/search",
    "currentPrice": "current price $4.56",
    "pricePerOz": "54.3 ¢/oz",
    "pickup": "Pickup today",
    "delivery": "Delivery today",
    "shipping": "N/A"
  },
  {
    "ioId": "25TE9RIMR7YJ",
    "linkIdentifier": "721564464",
    "text": "Great Value Halloween Cookie Icing, Black, 7 oz",
    "href": "/ip/Great-Value-Halloween-Cookie-Icing-Black-7-oz/721564464?classType=REGULAR&from=/search",
    "currentPrice": "current price $3.16",
    "pricePerOz": "45.1 ¢/oz",
    "pickup": "Pickup today",
    "delivery": "Delivery today",
    "shipping": "N/A"
  },
  {
    "ioId": "3W73O55RFX9F",
    "linkIdentifier": "1235793208",
    "text": "Sweetshop Green Tropical Leaves Icing Decorations, 8 Pieces",
    "href": "/ip/Sweetshop-Green-Tropical-Leaves-Icing-Decorations-8-Pieces/1235793208?classType=REGULAR&athbdg=L1600&from=/search",
    "currentPrice": "current price $5.47",
    "pricePerOz": "$10.94/oz",
    "pickup": "Pickup today",
    "delivery": "Delivery today",
    "shipping": "Shipping, arrives today"
  },
  {
    "ioId": "571X2EJXNBPE",
    "linkIdentifier": "489602118",
    "text": "Great Value Decorating Gel, Green, 0.67 oz",
    "href": "/ip/Great-Value-Decorating-Gel-Green-0-67-oz/489602118?classType=REGULAR&from=/search",
    "currentPrice": "current price $1.56",
    "pricePerOz": "$2.23/oz",
    "pickup": "Pickup today",
    "delivery": "Delivery today",
    "shipping": "N/A"
  },
  {
    "ioId": "1M1C7HYK4L1Q",
    "linkIdentifier": "946966834",
    "text": "Great Value Green Cookie Icing, 7 oz",
    "href": "/ip/Great-Value-Cookie-Icing-Green-7-Ounces/946966834?classType=REGULAR&from=/search",
    "currentPrice": "current price $3.16",
    "pricePerOz": "45.1 ¢/oz",
    "pickup": "Pickup today",
    "delivery": "Delivery today",
    "shipping": "Shipping, arrives in 3+ days"
  },
  {
    "ioId": "6R5GUOFT7JGM",
    "linkIdentifier": "585524295",
    "text": "Great Value Green Decorating Cupcake Icing, 8.4 oz",
    "href": "/ip/Great-Value-Green-Decorating-Cupcake-Icing-8-4-oz/585524295?classType=REGULAR&from=/search",
    "currentPrice": "current price $4.56",
    "pricePerOz": "54.3 ¢/oz",
    "pickup": "Pickup today",
    "delivery": "Delivery today",
    "shipping": "Shipping, arrives today"
  },
  {
    "ioId": "2WG8IO6BH3YW",
    "linkIdentifier": "588983846",
    "text": "Great Value Writing Icing, Classic Multicolor, 2.7 oz",
    "href": "/ip/Great-Value-Writing-Icing-Classic-Colors-2-7-oz/588983846?classType=REGULAR&from=/search",
    "currentPrice": "current price $3.16",
    "pricePerOz": "$1.17/oz",
    "pickup": "Pickup today",
    "delivery": "Delivery today",
    "shipping": "N/A"
  },
  {
    "ioId": "53447VAKDNHX",
    "linkIdentifier": "976467603",
    "text": "Wilton Ready-to-Use Pastel Pink Fondant, Vanilla Flavored, 24 oz.",
    "href": "/ip/Wilton-Ready-to-Use-Pastel-Pink-Fondant-Vanilla-Flavored-24-oz/976467603?classType=REGULAR&from=/search",
    "currentPrice": "current price $11.48",
    "pricePerOz": "47.8 ¢/oz",
    "pickup": "Pickup today",
    "delivery": "Delivery today",
    "shipping": "Shipping, arrives today"
  },
  {
    "ioId": "4DHCNZVICY51",
    "linkIdentifier": "455878676",
    "text": "SWS Icing Dec Easter",
    "href": "/ip/SWS-MELTS-Marshmallow-12oz/455878676?classType=REGULAR&from=/search",
    "currentPrice": "current price $3.98",
    "pricePerOz": "33.2 ¢/oz",
    "pickup": "Pickup today",
    "delivery": "Delivery today",
    "shipping": "N/A"
  },
  {
    "ioId": "5N9BS3HIF43D",
    "linkIdentifier": "438963875",
    "text": "Great Value Red Cupcake Icing, 8.4 oz",
    "href": "/ip/Great-Value-Red-Cupcake-Icing-8-4-Ounces/438963875?classType=REGULAR&from=/search",
    "currentPrice": "current price $4.56",
    "pricePerOz": "54.3 ¢/oz",
    "pickup": "Pickup today",
    "delivery": "Delivery today",
    "shipping": "Shipping, arrives today"
  },
  {
    "ioId": "49KEUYC2BJ4L",
    "linkIdentifier": "718300003",
    "text": "Great Value Orange Cookie Icing, 7 oz",
    "href": "/ip/Great-Value-Orange-Cookie-Icing-7-oz/718300003?classType=REGULAR&from=/search",
    "currentPrice": "current price $3.16",
    "pricePerOz": "45.1 ¢/oz",
    "pickup": "Pickup today",
    "delivery": "Delivery today",
    "shipping": "N/A"
  },
  {
    "ioId": "360ALA0U4ZDW",
    "linkIdentifier": "929327818",
    "text": "Great Value Blue Decorating Icing, 8 oz",
    "href": "/ip/Great-Value-Blue-Decorating-Icing-8-oz/929327818?classType=REGULAR&from=/search",
    "currentPrice": "current price $3.48",
    "pricePerOz": "43.5 ¢/oz",
    "pickup": "Pickup today",
    "delivery": "Delivery today",
    "shipping": "N/A"
  }
]